instructor,class_name,year,month,year_month,total_classes_taught,total_revenue,avg_revenue_per_class,avg_attendance_per_class
Instructor_1,ADV.  Choreography (Ages 13+),2023,November,2023-11,1,202.68333333333334,202.68333333333334,14.0
Instructor_1,ADV.  Choreography (Ages 13+),2023,October,2023-10,1,264.48333333333335,264.48333333333335,18.0
Instructor_1,ADV.  Choreography (Ages 13+),2024,February,2024-02,2,413.04583333333335,206.52291666666667,12.5
Instructor_1,ADV.  Choreography (Ages 13+),2024,June,2024-06,1,140.56666666666666,140.56666666666666,10.0
Instructor_1,ADV.  Choreography (Ages 13+),2024,March,2024-03,1,228.55416666666667,228.55416666666667,14.0
Instructor_1,ADV.  Choreography (Ages 13+),2024,October,2024-10,1,120.8,120.8,8.0
Instructor_1,ADV.  Choreography (Ages 13+),2025,January,2025-01,1,232.81666666666666,232.81666666666666,15.0
Instructor_1,BEG. Choreography (Ages 13+),2023,April,2023-04,2,963.75,481.875,31.0
Instructor_1,BEG. Choreography (Ages 13+),2023,August,2023-08,3,1447.1833333333334,482.39444444444445,28.666666666666668
Instructor_1,BEG. Choreography (Ages 13+),2023,December,2023-12,3,848.5166666666667,282.8388888888889,16.333333333333332
Instructor_1,BEG. Choreography (Ages 13+),2023,February,2023-02,2,739.75,369.875,21.0
Instructor_1,BEG. Choreography (Ages 13+),2023,January,2023-01,3,1268.25,422.75,22.333333333333332
Instructor_1,BEG. Choreography (Ages 13+),2023,July,2023-07,2,952.1166666666667,476.05833333333334,29.5
Instructor_1,BEG. Choreography (Ages 13+),2023,June,2023-06,2,960.4333333333334,480.2166666666667,29.5
Instructor_1,BEG. Choreography (Ages 13+),2023,March,2023-03,3,854.0,284.6666666666667,17.333333333333332
Instructor_1,BEG. Choreography (Ages 13+),2023,May,2023-05,3,1474.1,491.3666666666666,28.333333333333332
Instructor_1,BEG. Choreography (Ages 13+),2023,November,2023-11,3,1462.4333333333334,487.4777777777778,26.666666666666668
Instructor_1,BEG. Choreography (Ages 13+),2023,October,2023-10,2,829.8333333333333,414.91666666666663,24.0
Instructor_1,BEG. Choreography (Ages 13+),2023,September,2023-09,2,998.5,499.25,29.0
Instructor_1,BEG. Choreography (Ages 13+),2024,April,2024-04,2,1000.8666666666666,500.4333333333333,36.0
Instructor_1,BEG. Choreography (Ages 13+),2024,August,2024-08,1,568.5333333333333,568.5333333333333,31.0
Instructor_1,BEG. Choreography (Ages 13+),2024,December,2024-12,2,1114.3333333333333,557.1666666666666,33.5
Instructor_1,BEG. Choreography (Ages 13+),2024,February,2024-02,2,1305.7166666666667,652.8583333333333,44.0
Instructor_1,BEG. Choreography (Ages 13+),2024,January,2024-01,2,1386.2333333333331,693.1166666666666,41.5
Instructor_1,BEG. Choreography (Ages 13+),2024,July,2024-07,3,2343.4541666666664,781.1513888888888,41.333333333333336
Instructor_1,BEG. Choreography (Ages 13+),2024,June,2024-06,3,1651.9333333333334,550.6444444444445,28.0
Instructor_1,BEG. Choreography (Ages 13+),2024,March,2024-03,3,1616.975,538.9916666666667,36.333333333333336
Instructor_1,BEG. Choreography (Ages 13+),2024,May,2024-05,2,1257.6083333333331,628.8041666666666,32.5
Instructor_1,BEG. Choreography (Ages 13+),2024,November,2024-11,2,1418.5666666666666,709.2833333333333,38.0
Instructor_1,BEG. Choreography (Ages 13+),2024,October,2024-10,2,1232.7333333333333,616.3666666666667,33.5
Instructor_1,BEG. Choreography (Ages 13+),2024,September,2024-09,2,1191.2166666666667,595.6083333333333,30.0
Instructor_1,BEG. Choreography (Ages 13+),2025,February,2025-02,4,2183.25,545.8125,38.0
Instructor_1,BEG. Choreography (Ages 13+),2025,January,2025-01,4,2626.0,656.5,37.25
Instructor_1,BEG. Choreography (Ages 13+),2025,March,2025-03,7,3221.2833333333333,460.18333333333334,28.0
Instructor_1,Hip Hop 1A (5 - 7),2023,April,2023-04,2,234.09,117.045,6.0
Instructor_1,Hip Hop 1A (5 - 7),2023,December,2023-12,3,172.8,57.6,2.6666666666666665
Instructor_1,Hip Hop 1A (5 - 7),2023,February,2023-02,4,402.3,100.575,6.0
Instructor_1,Hip Hop 1A (5 - 7),2023,January,2023-01,5,511.235,102.247,4.6
Instructor_1,Hip Hop 1A (5 - 7),2023,June,2023-06,3,583.2,194.4,10.0
Instructor_1,Hip Hop 1A (5 - 7),2023,March,2023-03,4,478.98,119.745,6.0
Instructor_1,Hip Hop 1A (5 - 7),2023,May,2023-05,5,537.84,107.56800000000001,5.6
Instructor_1,Hip Hop 1A (5 - 7),2023,November,2023-11,3,178.20000000000002,59.400000000000006,3.0
Instructor_1,Hip Hop 1A (5 - 7),2023,October,2023-10,4,270.0,67.5,3.75
Instructor_1,Hip Hop 1A (5 - 7),2023,September,2023-09,4,259.20000000000005,64.80000000000001,3.5
Instructor_1,Hip Hop 1A (9 - 13),2023,December,2023-12,3,151.20000000000002,50.400000000000006,2.3333333333333335
Instructor_1,Hip Hop 1A (9 - 13),2023,November,2023-11,3,172.8,57.6,2.6666666666666665
Instructor_1,Hip Hop 1A (9 - 13),2023,October,2023-10,2,86.4,43.2,2.0
Instructor_1,Hip Hop 1A (9 - 13),2023,September,2023-09,3,151.20000000000002,50.400000000000006,2.6666666666666665
Instructor_1,INT. Choreography (Ages 13+),2023,April,2023-04,2,316.75,158.375,10.0
Instructor_1,INT. Choreography (Ages 13+),2023,August,2023-08,1,275.01666666666665,275.01666666666665,17.0
Instructor_1,INT. Choreography (Ages 13+),2023,February,2023-02,2,335.25,167.625,10.0
Instructor_1,INT. Choreography (Ages 13+),2023,January,2023-01,2,231.25,115.625,6.5
Instructor_1,INT. Choreography (Ages 13+),2023,July,2023-07,2,623.3333333333333,311.66666666666663,18.0
Instructor_1,INT. Choreography (Ages 13+),2023,June,2023-06,3,756.5166666666667,252.17222222222222,13.666666666666666
Instructor_1,INT. Choreography (Ages 13+),2023,March,2023-03,2,316.5,158.25,12.5
Instructor_1,INT. Choreography (Ages 13+),2023,May,2023-05,2,420.8333333333333,210.41666666666666,14.0
Instructor_1,INT. Choreography (Ages 13+),2023,November,2023-11,3,949.45,316.48333333333335,19.333333333333332
Instructor_1,INT. Choreography (Ages 13+),2023,October,2023-10,2,534.7333333333333,267.3666666666667,16.5
Instructor_1,INT. Choreography (Ages 13+),2023,September,2023-09,2,1201.3333333333335,600.6666666666667,31.0
Instructor_10,ADV.  Choreography (Ages 13+),2023,April,2023-04,1,398.5,398.5,22.0
Instructor_10,ADV.  Choreography (Ages 13+),2023,February,2023-02,1,216.0,216.0,12.0
Instructor_10,ADV.  Choreography (Ages 13+),2023,January,2023-01,1,104.0,104.0,8.0
Instructor_10,ADV.  Choreography (Ages 13+),2023,March,2023-03,3,458.5,152.83333333333334,10.333333333333334
Instructor_10,INT. Choreography (Ages 13+),2024,December,2024-12,2,452.575,226.2875,13.5
Instructor_10,INT. Choreography (Ages 13+),2024,November,2024-11,1,209.55,209.55,12.0
Instructor_10,INT. Choreography (Ages 13+),2025,February,2025-02,2,524.8916666666667,262.4458333333333,17.0
Instructor_10,INT. Choreography (Ages 13+),2025,January,2025-01,2,492.3666666666667,246.18333333333334,15.5
Instructor_10,INT. Choreography (Ages 13+),2025,March,2025-03,2,453.625,226.8125,17.5
Instructor_10,OOS Gives Back ,2024,April,2024-04,1,450.0,450.0,18.0
Instructor_100,ADV.  Choreography (Ages 13+),2023,July,2023-07,1,336.31666666666666,336.31666666666666,16.0
Instructor_101,ADV.  Choreography (Ages 13+),2023,June,2023-06,2,629.2,314.6,21.0
Instructor_101,ADV.  Choreography (Ages 13+),2023,May,2023-05,1,458.93333333333334,458.93333333333334,27.0
Instructor_101,INT. Choreography (Ages 13+),2023,April,2023-04,1,344.25,344.25,19.0
Instructor_101,INT. Choreography (Ages 13+),2023,February,2023-02,2,462.75,231.375,14.5
Instructor_101,INT. Choreography (Ages 13+),2023,January,2023-01,2,690.25,345.125,18.5
Instructor_101,INT. Choreography (Ages 13+),2023,March,2023-03,1,470.0,470.0,24.0
Instructor_102,ADV.  Choreography (Ages 13+),2023,January,2023-01,1,152.25,152.25,10.0
Instructor_102,BEG. Choreography (Ages 13+),2023,April,2023-04,3,956.5,318.8333333333333,20.333333333333332
Instructor_102,BEG. Choreography (Ages 13+),2023,January,2023-01,1,257.0,257.0,13.0
Instructor_102,BEG. Choreography (Ages 13+),2023,June,2023-06,2,408.9666666666667,204.48333333333335,16.0
Instructor_102,BEG. Choreography (Ages 13+),2023,May,2023-05,2,324.1166666666667,162.05833333333334,13.0
Instructor_102,INT. Choreography (Ages 13+),2023,May,2023-05,1,269.71666666666664,269.71666666666664,18.0
Instructor_103,INT. Choreography (Ages 13+),2023,April,2023-04,2,845.25,422.625,25.5
Instructor_103,INT. Choreography (Ages 13+),2023,February,2023-02,2,356.75,178.375,12.5
Instructor_103,INT. Choreography (Ages 13+),2023,January,2023-01,2,443.75,221.875,13.5
Instructor_103,INT. Choreography (Ages 13+),2023,March,2023-03,2,509.0,254.5,17.0
Instructor_103,KPOP Dance Covers (ages 13+),2023,March,2023-03,1,1141.25,1141.25,51.0
Instructor_103,KPOP Original Choreo (ages 13+),2023,May,2023-05,1,251.3,251.3,14.0
Instructor_104,BEG. Choreography (Ages 13+),2023,February,2023-02,2,231.5,115.75,11.0
Instructor_104,BEG. Choreography (Ages 13+),2023,January,2023-01,2,141.0,70.5,6.5
Instructor_104,BEG. Choreography (Ages 13+),2023,March,2023-03,2,352.0,176.0,13.0
Instructor_105,KRUMP (ages 13+),2023,March,2023-03,1,42.5,42.5,3.0
Instructor_106,Open Session (Ages 13+),2024,December,2024-12,2,10.0,5.0,1.0
Instructor_106,Open Session (Ages 13+),2024,November,2024-11,3,15.0,5.0,1.0
Instructor_106,Open Session (Ages 13+),2024,September,2024-09,5,45.0,9.0,2.0
Instructor_106,Open Session (Ages 13+),2025,January,2025-01,2,15.0,7.5,1.5
Instructor_106,Open Session (Ages 13+),2025,March,2025-03,2,15.0,7.5,1.5
Instructor_107,GROOV3: Hip Hop Workout (Ages 13+),2025,March,2025-03,2,348.375,174.1875,12.0
Instructor_108,GROOV3: Hip Hop Workout (Ages 13+),2025,February,2025-02,1,522.875,522.875,25.0
Instructor_109,Hip Hop 1A (5 - 7),2025,March,2025-03,1,0.0,0.0,2.0
Instructor_109,Kids Performance Workshop (Ages 8 -13) ,2025,March,2025-03,1,120.0,120.0,3.0
Instructor_11,ADV.  Choreography (Ages 13+),2023,April,2023-04,2,577.0,288.5,16.5
Instructor_11,ADV.  Choreography (Ages 13+),2023,August,2023-08,3,1369.6166666666666,456.53888888888883,26.666666666666668
Instructor_11,ADV.  Choreography (Ages 13+),2023,December,2023-12,1,309.5,309.5,21.0
Instructor_11,ADV.  Choreography (Ages 13+),2023,February,2023-02,2,626.5,313.25,17.0
Instructor_11,ADV.  Choreography (Ages 13+),2023,January,2023-01,2,545.5,272.75,16.5
Instructor_11,ADV.  Choreography (Ages 13+),2023,July,2023-07,1,459.45,459.45,26.0
Instructor_11,ADV.  Choreography (Ages 13+),2023,June,2023-06,2,919.65,459.825,25.5
Instructor_11,ADV.  Choreography (Ages 13+),2023,March,2023-03,2,725.5,362.75,20.0
Instructor_11,ADV.  Choreography (Ages 13+),2023,May,2023-05,2,795.9333333333334,397.9666666666667,24.0
Instructor_11,ADV.  Choreography (Ages 13+),2023,November,2023-11,3,1385.9833333333333,461.99444444444447,28.333333333333332
Instructor_11,ADV.  Choreography (Ages 13+),2023,October,2023-10,2,603.8666666666667,301.93333333333334,18.0
Instructor_11,ADV.  Choreography (Ages 13+),2023,September,2023-09,1,402.4,402.4,22.0
Instructor_11,ADV.  Choreography (Ages 13+),2024,September,2024-09,1,808.6666666666666,808.6666666666666,41.0
Instructor_11,ADV.  Choreography (Ages 13+),2025,February,2025-02,2,712.775,356.3875,19.5
Instructor_11,ADV.  Choreography (Ages 13+),2025,January,2025-01,2,1397.2,698.6,34.5
Instructor_11,ADV.  Choreography (Ages 13+),2025,March,2025-03,2,1089.425,544.7125,30.0
Instructor_11,BEG. Choreography (Ages 13+),2023,August,2023-08,1,481.6,481.6,32.0
Instructor_110,Hip Hop 1A (5 - 7),2025,January,2025-01,1,5.8,5.8,1.0
Instructor_110,Hip Hop 2A (8 - 11),2025,January,2025-01,1,69.6,69.6,3.0
Instructor_111,Hip Hop 1A (5 - 7),2024,December,2024-12,1,23.2,23.2,1.0
Instructor_112,Hip Hop 2A (7 - 10),2024,December,2024-12,1,92.8,92.8,5.0
Instructor_112,Hip Hop 2A (8 - 11),2024,December,2024-12,1,92.8,92.8,4.0
Instructor_113,Summer Seoul-stice,2024,June,2024-06,1,1233.0,1233.0,96.0
Instructor_114,OOS Intensive: Danyel Moulton,2024,December,2024-12,1,985.5,985.5,14.0
Instructor_115,Submerged Waving Intensive,2024,July,2024-07,1,2093.0,2093.0,31.0
Instructor_116,OOS Gives Back ,2024,October,2024-10,1,100.0,100.0,4.0
Instructor_117,Intro to Waacking,2023,April,2023-04,3,438.0,146.0,3.3333333333333335
Instructor_117,Intro to Waacking,2023,March,2023-03,5,880.0,176.0,4.0
Instructor_117,Performance WS w/ Nikki Renojo,2023,June,2023-06,2,210.0,105.0,3.0
Instructor_118,BEG/INT Pop Up Workshop (Ages 13+),2024,December,2024-12,1,2000.0,2000.0,80.0
Instructor_119,BEG/INT Pop Up Workshop (Ages 13+),2024,September,2024-09,1,715.0,715.0,30.0
Instructor_12,INT. Choreography (Ages 13+),2024,November,2024-11,2,460.25,230.125,14.5
Instructor_12,INT. Choreography (Ages 13+),2024,October,2024-10,2,661.6833333333334,330.8416666666667,17.0
Instructor_12,INT. Choreography (Ages 13+),2025,February,2025-02,1,211.7,211.7,15.0
Instructor_12,INT. Choreography (Ages 13+),2025,January,2025-01,2,359.20000000000005,179.60000000000002,9.5
Instructor_12,INT. Choreography (Ages 13+),2025,March,2025-03,2,369.55,184.775,13.0
Instructor_120,BEG/INT Pop Up Workshop (Ages 13+),2024,August,2024-08,1,475.0,475.0,19.0
Instructor_121,BEG/INT Pop Up Workshop (Ages 13+),2024,June,2024-06,1,790.0,790.0,32.0
Instructor_122,Dance Conditioning Workshop w/ Grit Performance Training,2024,May,2024-05,1,314.15,314.15,9.0
Instructor_123,Pop Up House Workshop (13+),2024,March,2024-03,1,271.70416666666665,271.70416666666665,12.0
Instructor_124,BEG/INT Pop Up Workshop (Ages 13+),2024,March,2024-03,1,25.0,25.0,1.0
Instructor_125,BEG/INT Pop Up Workshop (Ages 13+),2024,March,2024-03,1,1025.0,1025.0,43.0
Instructor_126,BEG/INT Pop Up Workshop (Ages 13+),2024,February,2024-02,1,200.0,200.0,8.0
Instructor_126,BEG/INT Pop Up Workshop (Ages 13+),2024,January,2024-01,1,325.0,325.0,14.0
Instructor_127,Pop Up House Workshop (13+),2023,December,2023-12,1,581.5333333333333,581.5333333333333,28.0
Instructor_128,Pop Up Litefeet Workshop (Ages 13+),2023,December,2023-12,1,604.2833333333333,604.2833333333333,28.0
Instructor_129,Pop Up Afro Dance Workshop (Ages 13+),2023,December,2023-12,1,878.4333333333333,878.4333333333333,43.0
Instructor_13,ADV.  Choreography (Ages 13+),2025,February,2025-02,4,1785.6916666666666,446.42291666666665,25.0
Instructor_13,ADV.  Choreography (Ages 13+),2025,January,2025-01,1,410.26666666666665,410.26666666666665,23.0
Instructor_13,ADV.  Choreography (Ages 13+),2025,March,2025-03,4,2317.1666666666665,579.2916666666666,31.5
Instructor_13,INT. Choreography (Ages 13+),2024,December,2024-12,2,503.56666666666666,251.78333333333333,14.0
Instructor_13,INT. Choreography (Ages 13+),2024,July,2024-07,1,409.6333333333333,409.6333333333333,20.0
Instructor_13,INT. Choreography (Ages 13+),2024,November,2024-11,1,313.9166666666667,313.9166666666667,18.0
Instructor_13,INT. Choreography (Ages 13+),2024,October,2024-10,2,525.4833333333333,262.7416666666667,14.0
Instructor_13,INT. Choreography (Ages 13+),2024,September,2024-09,2,1291.6083333333333,645.8041666666667,31.5
Instructor_13,PW w/ Marky Dimaano,2024,August,2024-08,5,1845.0,369.0,8.6
Instructor_13,PW w/ Marky Dimaano,2024,July,2024-07,3,1080.0,360.0,10.333333333333334
Instructor_13,PW w/ Marky Dimaano,2024,September,2024-09,1,405.0,405.0,9.0
Instructor_130,BEG/INT Pop Up Workshop (Ages 13+),2023,December,2023-12,1,569.4,569.4,24.0
Instructor_131,BEG/INT Pop Up Workshop (Ages 13+),2023,November,2023-11,1,194.25,194.25,8.0
Instructor_131,BEG/INT Pop Up Workshop (Ages 13+),2023,September,2023-09,1,561.5,561.5,23.0
Instructor_132,BEG/INT Pop Up Workshop (Ages 13+),2023,October,2023-10,1,75.0,75.0,17.0
Instructor_133,BEG/INT Pop Up Workshop (Ages 13+),2023,October,2023-10,1,405.0,405.0,15.0
Instructor_134,BEG/INT Pop Up Workshop (Ages 13+),2023,August,2023-08,1,200.0,200.0,8.0
Instructor_135,BEG/INT Pop Up Workshop (Ages 13+),2023,July,2023-07,1,250.0,250.0,10.0
Instructor_136,.5 Hour Rental ,2023,May,2023-05,2,40.0,20.0,1.0
Instructor_136,.5 Hour Rental ,2024,April,2024-04,1,17.5,17.5,1.0
Instructor_136,.5 Hour Rental ,2024,December,2024-12,1,25.0,25.0,1.0
Instructor_136,.5 Hour Rental ,2024,July,2024-07,1,15.75,15.75,1.0
Instructor_136,.5 Hour Rental ,2024,March,2024-03,1,17.5,17.5,1.0
Instructor_136,.5 Hour Rental ,2024,November,2024-11,1,17.5,17.5,1.0
Instructor_136,.5 Hour Rental ,2025,January,2025-01,1,28.0,28.0,1.0
Instructor_136,1 Hour Rental,2023,April,2023-04,2,30.0,15.0,1.0
Instructor_136,1 Hour Rental,2023,December,2023-12,2,72.0,36.0,1.0
Instructor_136,1 Hour Rental,2023,February,2023-02,4,140.0,35.0,1.0
Instructor_136,1 Hour Rental,2023,January,2023-01,3,115.0,38.333333333333336,1.0
Instructor_136,1 Hour Rental,2023,March,2023-03,2,60.0,30.0,1.0
Instructor_136,1 Hour Rental,2023,November,2023-11,1,31.5,31.5,1.0
Instructor_136,1 Hour Rental,2023,October,2023-10,1,45.0,45.0,1.0
Instructor_136,1 Hour Rental,2023,September,2023-09,1,0.0,0.0,1.0
Instructor_136,1 Hour Rental,2024,April,2024-04,9,360.0,40.0,1.0
Instructor_136,1 Hour Rental,2024,August,2024-08,2,27.0,13.5,1.0
Instructor_136,1 Hour Rental,2024,December,2024-12,1,38.5,38.5,1.0
Instructor_136,1 Hour Rental,2024,February,2024-02,6,270.0,45.0,1.0
Instructor_136,1 Hour Rental,2024,January,2024-01,7,265.5,37.92857142857143,1.0
Instructor_136,1 Hour Rental,2024,July,2024-07,2,40.5,20.25,1.0
Instructor_136,1 Hour Rental,2024,June,2024-06,8,360.0,45.0,1.0
Instructor_136,1 Hour Rental,2024,March,2024-03,10,450.0,45.0,1.0
Instructor_136,1 Hour Rental,2024,November,2024-11,2,72.0,36.0,1.0
Instructor_136,1 Hour Rental,2024,October,2024-10,2,76.5,38.25,1.0
Instructor_136,1 Hour Rental,2025,February,2025-02,3,110.0,36.666666666666664,1.0
Instructor_136,1 Hour Rental,2025,March,2025-03,1,55.0,55.0,1.0
Instructor_136,1.5 Min Rental,2023,March,2023-03,2,128.25,64.125,1.0
Instructor_136,1.5 Min Rental,2023,October,2023-10,2,67.5,33.75,1.0
Instructor_136,1.5 Min Rental,2024,August,2024-08,1,0.0,0.0,1.0
Instructor_136,1.5 Min Rental,2024,December,2024-12,1,67.5,67.5,1.0
Instructor_136,1.5 Min Rental,2024,January,2024-01,2,135.0,67.5,1.0
Instructor_136,1.5 Min Rental,2024,July,2024-07,1,67.5,67.5,1.0
Instructor_136,1.5 Min Rental,2024,June,2024-06,2,128.25,64.125,1.0
Instructor_136,1.5 Min Rental,2024,March,2024-03,1,67.5,67.5,1.0
Instructor_136,1.5 Min Rental,2024,May,2024-05,4,256.5,64.125,1.0
Instructor_136,1.5 Min Rental,2024,November,2024-11,2,135.0,67.5,1.0
Instructor_136,1.5 Min Rental,2024,October,2024-10,1,67.5,67.5,1.0
Instructor_136,1.5 Min Rental,2025,January,2025-01,2,166.0,83.0,1.0
Instructor_136,1.5 Min Rental,2025,March,2025-03,1,83.0,83.0,1.0
Instructor_136,2 Hour Rental,2023,April,2023-04,1,90.0,90.0,1.0
Instructor_136,2 Hour Rental,2023,December,2023-12,1,81.0,81.0,1.0
Instructor_136,2 Hour Rental,2023,January,2023-01,1,54.0,54.0,1.0
Instructor_136,2 Hour Rental,2023,July,2023-07,1,0.0,0.0,1.0
Instructor_136,2 Hour Rental,2023,June,2023-06,2,171.0,85.5,1.0
Instructor_136,2 Hour Rental,2023,November,2023-11,1,0.0,0.0,1.0
Instructor_136,2 Hour Rental,2023,September,2023-09,1,54.0,54.0,1.0
Instructor_136,2 Hour Rental,2024,April,2024-04,7,612.0,87.42857142857143,1.0
Instructor_136,2 Hour Rental,2024,August,2024-08,1,90.0,90.0,1.0
Instructor_136,2 Hour Rental,2024,December,2024-12,1,66.0,66.0,1.0
Instructor_136,2 Hour Rental,2024,February,2024-02,6,504.0,84.0,1.0
Instructor_136,2 Hour Rental,2024,January,2024-01,1,0.0,0.0,1.0
Instructor_136,2 Hour Rental,2024,July,2024-07,2,162.0,81.0,1.0
Instructor_136,2 Hour Rental,2024,June,2024-06,11,738.0,67.0909090909091,1.0
Instructor_136,2 Hour Rental,2024,March,2024-03,6,351.0,58.5,1.0
Instructor_136,2 Hour Rental,2024,May,2024-05,10,724.5,72.45,1.0
Instructor_136,2 Hour Rental,2024,November,2024-11,2,90.0,45.0,1.0
Instructor_136,2 Hour Rental,2024,October,2024-10,3,270.0,90.0,1.0
Instructor_136,2 Hour Rental,2024,September,2024-09,2,0.0,0.0,1.0
Instructor_136,2 Hour Rental,2025,February,2025-02,4,356.0,89.0,1.0
Instructor_136,2 Hour Rental,2025,January,2025-01,2,166.0,83.0,1.0
Instructor_136,2 Hour Rental,2025,March,2025-03,2,200.0,100.0,1.0
Instructor_136,2.5 Hour Rental,2024,August,2024-08,1,78.75,78.75,1.0
Instructor_136,2.5 Hour Rental,2024,February,2024-02,1,112.5,112.5,1.0
Instructor_136,2.5 Hour Rental,2024,January,2024-01,1,112.5,112.5,1.0
Instructor_136,2.5 Hour Rental,2024,June,2024-06,1,112.5,112.5,1.0
Instructor_136,2.5 Hour Rental,2024,November,2024-11,1,112.5,112.5,1.0
Instructor_136,3 Hour Rental,2023,January,2023-01,1,81.0,81.0,1.0
Instructor_136,3 Hour Rental,2023,May,2023-05,2,270.0,135.0,1.0
Instructor_136,3 Hour Rental,2024,August,2024-08,1,94.5,94.5,1.0
Instructor_136,3 Hour Rental,2024,February,2024-02,1,135.0,135.0,1.0
Instructor_136,3 Hour Rental,2024,March,2024-03,1,135.0,135.0,1.0
Instructor_136,3 Hour Rental,2024,May,2024-05,1,135.0,135.0,1.0
Instructor_136,3 Hour Rental,2025,February,2025-02,1,150.0,150.0,1.0
Instructor_136,Mentor Studio Use,2023,July,2023-07,1,0.0,0.0,1.0
Instructor_136,Mentor Studio Use,2024,February,2024-02,1,0.0,0.0,1.0
Instructor_136,Mentor Studio Use,2024,January,2024-01,4,0.0,0.0,1.0
Instructor_136,Mentor Studio Use,2024,June,2024-06,5,0.0,0.0,1.0
Instructor_136,Mentor Studio Use,2024,November,2024-11,1,0.0,0.0,1.0
Instructor_136,Mentor Studio Use,2025,March,2025-03,2,0.0,0.0,1.0
Instructor_137,.5 Hour Rental,2024,December,2024-12,1,35.0,35.0,1.0
Instructor_137,1 Hour Rental,2023,January,2023-01,1,42.0,42.0,1.0
Instructor_137,1 Hour Rental,2023,March,2023-03,1,31.5,31.5,1.0
Instructor_137,1 Hour Rental,2024,August,2024-08,1,60.0,60.0,1.0
Instructor_137,1 Hour Rental,2024,January,2024-01,1,90.0,90.0,1.0
Instructor_137,1 Hour Rental,2024,June,2024-06,1,90.0,90.0,1.0
Instructor_137,1 Hour Rental,2024,May,2024-05,1,90.0,90.0,1.0
Instructor_137,1.5 Hour Rental,2023,January,2023-01,2,153.0,76.5,1.0
Instructor_137,1.5 Hour Rental,2024,July,2024-07,1,105.0,105.0,1.0
Instructor_137,1.5 Hour Rental,2024,June,2024-06,1,150.0,150.0,1.0
Instructor_137,2 Hour Rental,2023,January,2023-01,4,640.0,160.0,1.0
Instructor_137,2 Hour Rental,2024,August,2024-08,1,140.0,140.0,1.0
Instructor_137,2 Hour Rental,2024,March,2024-03,1,200.0,200.0,1.0
Instructor_137,2 Hour Rental,2024,October,2024-10,1,200.0,200.0,1.0
Instructor_137,2 Hour Rental,2024,September,2024-09,1,200.0,200.0,1.0
Instructor_137,2.5 Hour Rental,2023,July,2023-07,4,420.0,105.0,1.0
Instructor_137,2.5 Hour Rental,2023,November,2023-11,1,250.0,250.0,1.0
Instructor_137,3 Hour Rental,2023,January,2023-01,1,180.0,180.0,1.0
Instructor_137,3 Hour Rental,2024,August,2024-08,1,180.0,180.0,1.0
Instructor_137,3 Hour Rental,2025,January,2025-01,1,300.0,300.0,1.0
Instructor_138,.5 Hour Rental,2023,December,2023-12,1,12.5,12.5,1.0
Instructor_138,.5 Hour Rental,2023,February,2023-02,1,12.5,12.5,1.0
Instructor_138,.5 Hour Rental,2023,March,2023-03,2,25.0,12.5,1.0
Instructor_138,.5 Hour Rental,2024,April,2024-04,3,27.5,9.166666666666666,1.0
Instructor_138,.5 Hour Rental,2024,June,2024-06,1,11.25,11.25,1.0
Instructor_138,.5 Hour Rental,2024,October,2024-10,1,12.5,12.5,1.0
Instructor_138,1 Hour Rental,2023,April,2023-04,3,75.0,25.0,1.0
Instructor_138,1 Hour Rental,2023,December,2023-12,5,60.0,12.0,1.0
Instructor_138,1 Hour Rental,2023,February,2023-02,11,240.0,21.818181818181817,1.0
Instructor_138,1 Hour Rental,2023,January,2023-01,6,140.0,23.333333333333332,1.0
Instructor_138,1 Hour Rental,2023,July,2023-07,8,75.0,9.375,1.0
Instructor_138,1 Hour Rental,2023,June,2023-06,1,25.0,25.0,1.0
Instructor_138,1 Hour Rental,2023,March,2023-03,9,205.0,22.77777777777778,1.0
Instructor_138,1 Hour Rental,2023,May,2023-05,1,25.0,25.0,1.0
Instructor_138,1 Hour Rental,2023,November,2023-11,2,40.0,20.0,1.0
Instructor_138,1 Hour Rental,2023,October,2023-10,4,45.0,11.25,1.0
Instructor_138,1 Hour Rental,2024,April,2024-04,14,330.0,23.571428571428573,1.0
Instructor_138,1 Hour Rental,2024,August,2024-08,5,100.0,20.0,1.0
Instructor_138,1 Hour Rental,2024,December,2024-12,1,35.0,35.0,1.0
Instructor_138,1 Hour Rental,2024,February,2024-02,5,80.0,16.0,1.0
Instructor_138,1 Hour Rental,2024,January,2024-01,2,40.0,20.0,1.0
Instructor_138,1 Hour Rental,2024,July,2024-07,3,72.5,24.166666666666668,1.0
Instructor_138,1 Hour Rental,2024,June,2024-06,9,200.0,22.22222222222222,1.0
Instructor_138,1 Hour Rental,2024,March,2024-03,12,230.0,19.166666666666668,1.0
Instructor_138,1 Hour Rental,2024,May,2024-05,8,155.0,19.375,1.0
Instructor_138,1 Hour Rental,2024,November,2024-11,6,132.5,22.083333333333332,1.0
Instructor_138,1 Hour Rental,2024,October,2024-10,2,50.0,25.0,1.0
Instructor_138,1 Hour Rental,2024,September,2024-09,3,25.0,8.333333333333334,1.0
Instructor_138,1 Hour Rental,2025,February,2025-02,11,340.0,30.90909090909091,1.0
Instructor_138,1 Hour Rental,2025,March,2025-03,10,310.0,31.0,1.0
Instructor_138,1.5 Hour Rental ,2023,April,2023-04,3,112.5,37.5,1.0
Instructor_138,1.5 Hour Rental ,2023,December,2023-12,2,75.0,37.5,1.0
Instructor_138,1.5 Hour Rental ,2023,February,2023-02,1,26.25,26.25,1.0
Instructor_138,1.5 Hour Rental ,2023,January,2023-01,8,281.25,35.15625,1.0
Instructor_138,1.5 Hour Rental ,2023,July,2023-07,3,75.0,25.0,1.0
Instructor_138,1.5 Hour Rental ,2023,June,2023-06,7,150.0,21.428571428571427,1.0
Instructor_138,1.5 Hour Rental ,2023,March,2023-03,4,108.75,27.1875,1.0
Instructor_138,1.5 Hour Rental ,2023,May,2023-05,2,37.5,18.75,1.0
Instructor_138,1.5 Hour Rental ,2023,October,2023-10,2,37.5,18.75,1.0
Instructor_138,1.5 Hour Rental ,2023,September,2023-09,2,75.5,37.75,1.0
Instructor_138,1.5 Hour Rental ,2024,April,2024-04,3,112.5,37.5,1.0
Instructor_138,1.5 Hour Rental ,2024,August,2024-08,2,0.0,0.0,1.0
Instructor_138,1.5 Hour Rental ,2024,December,2024-12,3,135.5,45.166666666666664,1.0
Instructor_138,1.5 Hour Rental ,2024,February,2024-02,1,37.5,37.5,1.0
Instructor_138,1.5 Hour Rental ,2024,January,2024-01,4,146.25,36.5625,1.0
Instructor_138,1.5 Hour Rental ,2024,July,2024-07,3,108.75,36.25,1.0
Instructor_138,1.5 Hour Rental ,2024,June,2024-06,9,172.5,19.166666666666668,1.0
Instructor_138,1.5 Hour Rental ,2024,March,2024-03,8,300.0,37.5,1.0
Instructor_138,1.5 Hour Rental ,2024,May,2024-05,2,75.0,37.5,1.0
Instructor_138,1.5 Hour Rental ,2024,November,2024-11,11,315.0,28.636363636363637,1.0
Instructor_138,1.5 Hour Rental ,2024,October,2024-10,2,75.0,37.5,1.0
Instructor_138,1.5 Hour Rental ,2024,September,2024-09,2,75.0,37.5,1.0
Instructor_138,1.5 Hour Rental ,2025,February,2025-02,4,126.0,31.5,1.0
Instructor_138,1.5 Hour Rental ,2025,January,2025-01,1,53.0,53.0,1.0
Instructor_138,1.5 Hour Rental ,2025,March,2025-03,8,321.0,40.125,1.0
Instructor_138,2 Hour Rental,2023,April,2023-04,4,200.0,50.0,1.0
Instructor_138,2 Hour Rental,2023,August,2023-08,5,150.0,30.0,1.0
Instructor_138,2 Hour Rental,2023,December,2023-12,1,40.0,40.0,1.0
Instructor_138,2 Hour Rental,2023,February,2023-02,3,150.0,50.0,1.0
Instructor_138,2 Hour Rental,2023,January,2023-01,12,580.0,48.333333333333336,1.0
Instructor_138,2 Hour Rental,2023,July,2023-07,4,180.0,45.0,1.0
Instructor_138,2 Hour Rental,2023,June,2023-06,6,250.0,41.666666666666664,1.0
Instructor_138,2 Hour Rental,2023,March,2023-03,3,80.0,26.666666666666668,1.0
Instructor_138,2 Hour Rental,2023,May,2023-05,1,50.0,50.0,1.0
Instructor_138,2 Hour Rental,2023,November,2023-11,1,50.0,50.0,1.0
Instructor_138,2 Hour Rental,2023,October,2023-10,3,75.0,25.0,1.0
Instructor_138,2 Hour Rental,2023,September,2023-09,1,50.0,50.0,1.0
Instructor_138,2 Hour Rental,2024,April,2024-04,14,660.0,47.142857142857146,1.0
Instructor_138,2 Hour Rental,2024,August,2024-08,5,250.0,50.0,1.0
Instructor_138,2 Hour Rental,2024,December,2024-12,2,110.0,55.0,1.0
Instructor_138,2 Hour Rental,2024,February,2024-02,1,50.0,50.0,1.0
Instructor_138,2 Hour Rental,2024,January,2024-01,1,50.0,50.0,1.0
Instructor_138,2 Hour Rental,2024,July,2024-07,9,360.0,40.0,1.0
Instructor_138,2 Hour Rental,2024,June,2024-06,10,405.0,40.5,1.0
Instructor_138,2 Hour Rental,2024,March,2024-03,11,530.0,48.18181818181818,1.0
Instructor_138,2 Hour Rental,2024,May,2024-05,15,530.0,35.333333333333336,1.0
Instructor_138,2 Hour Rental,2024,November,2024-11,4,200.0,50.0,1.0
Instructor_138,2 Hour Rental,2024,October,2024-10,5,200.0,40.0,1.0
Instructor_138,2 Hour Rental,2024,September,2024-09,5,250.0,50.0,1.0
Instructor_138,2 Hour Rental,2025,February,2025-02,5,180.0,36.0,1.0
Instructor_138,2 Hour Rental,2025,January,2025-01,1,60.0,60.0,1.0
Instructor_138,2 Hour Rental,2025,March,2025-03,2,140.0,70.0,1.0
Instructor_138,2.5 Hour Rental,2023,August,2023-08,1,62.5,62.5,1.0
Instructor_138,2.5 Hour Rental,2023,December,2023-12,8,437.5,54.6875,1.0
Instructor_138,2.5 Hour Rental,2023,February,2023-02,1,62.5,62.5,1.0
Instructor_138,2.5 Hour Rental,2023,March,2023-03,2,125.0,62.5,1.0
Instructor_138,2.5 Hour Rental,2023,November,2023-11,2,125.0,62.5,1.0
Instructor_138,2.5 Hour Rental,2023,September,2023-09,1,62.5,62.5,1.0
Instructor_138,2.5 Hour Rental,2024,April,2024-04,6,368.75,61.458333333333336,1.0
Instructor_138,2.5 Hour Rental,2024,August,2024-08,1,62.5,62.5,1.0
Instructor_138,2.5 Hour Rental,2024,December,2024-12,1,61.6,61.6,1.0
Instructor_138,2.5 Hour Rental,2024,February,2024-02,4,250.0,62.5,1.0
Instructor_138,2.5 Hour Rental,2024,January,2024-01,6,375.0,62.5,1.0
Instructor_138,2.5 Hour Rental,2024,July,2024-07,3,187.5,62.5,1.0
Instructor_138,2.5 Hour Rental,2024,June,2024-06,2,62.5,31.25,1.0
Instructor_138,2.5 Hour Rental,2024,March,2024-03,6,375.0,62.5,1.0
Instructor_138,2.5 Hour Rental,2024,May,2024-05,5,312.5,62.5,1.0
Instructor_138,2.5 Hour Rental,2024,November,2024-11,2,125.0,62.5,1.0
Instructor_138,2.5 Hour Rental,2024,October,2024-10,3,187.5,62.5,1.0
Instructor_138,2.5 Hour Rental,2024,September,2024-09,1,62.5,62.5,1.0
Instructor_138,2.5 Hour Rental,2025,January,2025-01,1,75.0,75.0,1.0
Instructor_138,Mentor Studio Use,2023,January,2023-01,1,0.0,0.0,1.0
Instructor_138,Mentor Studio Use,2023,July,2023-07,1,0.0,0.0,1.0
Instructor_138,Mentor Studio Use,2023,October,2023-10,1,0.0,0.0,1.0
Instructor_138,Mentor Studio Use,2024,August,2024-08,3,0.0,0.0,1.0
Instructor_138,Mentor Studio Use,2024,December,2024-12,1,0.0,0.0,1.0
Instructor_138,Mentor Studio Use,2024,February,2024-02,6,0.0,0.0,1.0
Instructor_138,Mentor Studio Use,2024,January,2024-01,3,0.0,0.0,1.0
Instructor_138,Mentor Studio Use,2024,July,2024-07,2,0.0,0.0,1.0
Instructor_138,Mentor Studio Use,2024,June,2024-06,1,0.0,0.0,1.0
Instructor_138,Mentor Studio Use,2024,November,2024-11,3,0.0,0.0,1.0
Instructor_138,Mentor Studio Use,2024,October,2024-10,1,0.0,0.0,1.0
Instructor_138,Mentor Studio Use,2024,September,2024-09,1,0.0,0.0,1.0
Instructor_138,Mentor Studio Use,2025,February,2025-02,1,0.0,0.0,1.0
Instructor_139,Movement & Performance Workshop,2024,December,2024-12,1,3095.0,3095.0,48.0
Instructor_14,ADV.  Choreography (Ages 13+),2024,April,2024-04,1,225.9,225.9,11.0
Instructor_14,ADV.  Choreography (Ages 13+),2025,February,2025-02,2,725.55,362.775,19.0
Instructor_14,ADV.  Choreography (Ages 13+),2025,January,2025-01,1,360.025,360.025,20.0
Instructor_14,ADV.  Choreography (Ages 13+),2025,March,2025-03,2,489.0,244.5,14.0
Instructor_14,BEG. Choreography (Ages 13+),2024,April,2024-04,2,401.25,200.625,15.0
Instructor_14,BEG. Choreography (Ages 13+),2024,August,2024-08,1,139.3,139.3,8.0
Instructor_14,BEG. Choreography (Ages 13+),2024,February,2024-02,1,136.75,136.75,12.0
Instructor_14,BEG. Choreography (Ages 13+),2024,January,2024-01,1,198.51666666666665,198.51666666666665,16.0
Instructor_14,BEG. Choreography (Ages 13+),2024,July,2024-07,2,306.63750000000005,153.31875000000002,8.0
Instructor_14,BEG. Choreography (Ages 13+),2024,June,2024-06,1,88.4875,88.4875,5.0
Instructor_14,BEG. Choreography (Ages 13+),2024,March,2024-03,2,260.3375,130.16875,12.5
Instructor_14,BEG. Choreography (Ages 13+),2024,May,2024-05,2,322.0208333333333,161.01041666666666,10.0
Instructor_14,INT. Choreography (Ages 13+),2024,December,2024-12,1,263.075,263.075,14.0
Instructor_14,INT. Choreography (Ages 13+),2024,November,2024-11,2,733.55,366.775,19.0
Instructor_14,INT. Choreography (Ages 13+),2024,October,2024-10,2,606.2833333333333,303.14166666666665,16.0
Instructor_14,INT. Choreography (Ages 13+),2024,September,2024-09,2,540.6166666666667,270.30833333333334,14.0
Instructor_140,Kids Dance Choreo (Ages7-10) ,2024,July,2024-07,1,43.2,43.2,2.0
Instructor_15,ADV.  Choreography (Ages 13+),2024,November,2024-11,1,206.2,206.2,13.0
Instructor_15,BEG. Choreography (Ages 13+),2023,August,2023-08,1,337.31666666666666,337.31666666666666,25.0
Instructor_15,BEG. Choreography (Ages 13+),2023,December,2023-12,2,498.51666666666665,249.25833333333333,17.0
Instructor_15,BEG. Choreography (Ages 13+),2023,July,2023-07,1,270.4,270.4,15.0
Instructor_15,BEG. Choreography (Ages 13+),2023,November,2023-11,2,527.7666666666667,263.8833333333333,20.0
Instructor_15,BEG. Choreography (Ages 13+),2023,October,2023-10,2,454.25,227.125,18.0
Instructor_15,BEG. Choreography (Ages 13+),2023,September,2023-09,2,465.9,232.95,22.0
Instructor_15,Hip Hop 1B (6 - 8),2023,November,2023-11,1,37.8,37.8,2.0
Instructor_15,INT. Choreography (Ages 13+),2023,August,2023-08,1,57.5,57.5,6.0
Instructor_15,INT. Choreography (Ages 13+),2023,December,2023-12,2,210.25,105.125,6.0
Instructor_15,INT. Choreography (Ages 13+),2023,October,2023-10,2,205.4,102.7,7.5
Instructor_15,INT. Choreography (Ages 13+),2023,September,2023-09,2,282.75,141.375,9.0
Instructor_15,INT. Choreography (Ages 13+),2024,April,2024-04,2,412.3083333333333,206.15416666666664,11.0
Instructor_15,INT. Choreography (Ages 13+),2024,February,2024-02,2,430.0375,215.01875,12.0
Instructor_15,INT. Choreography (Ages 13+),2024,January,2024-01,1,207.3,207.3,16.0
Instructor_15,INT. Choreography (Ages 13+),2024,March,2024-03,2,597.3666666666667,298.68333333333334,16.5
Instructor_15,INT. Choreography (Ages 13+),2024,November,2024-11,2,232.2,116.1,7.0
Instructor_15,INT. Choreography (Ages 13+),2024,October,2024-10,2,411.04999999999995,205.52499999999998,10.0
Instructor_15,INT. Choreography (Ages 13+),2024,September,2024-09,2,273.0,136.5,7.0
Instructor_15,INT. Choreography (Ages 13+),2025,February,2025-02,1,226.25,226.25,12.0
Instructor_15,INT. Choreography (Ages 13+),2025,January,2025-01,1,190.2,190.2,12.0
Instructor_15,INT. Choreography (Ages 13+),2025,March,2025-03,2,319.91666666666663,159.95833333333331,11.5
Instructor_15,Junior Dance Choreo  (Ages 9 - 13) ,2024,July,2024-07,1,51.6,51.6,2.0
Instructor_15,Junior Dance Choreo  (Ages 9 - 13) ,2024,June,2024-06,2,90.0,45.0,1.5
Instructor_15,Kids Dance Choreo (Ages7-10) ,2024,August,2024-08,2,46.6,23.3,1.0
Instructor_15,Kids Dance Choreo (Ages7-10) ,2024,July,2024-07,1,64.80000000000001,64.80000000000001,3.0
Instructor_15,Kids Dance Choreo (Ages7-10) ,2024,June,2024-06,1,43.2,43.2,2.0
Instructor_16,CAMPBELLOCK (Ages 13+),2024,April,2024-04,2,81.4,40.7,2.5
Instructor_16,CAMPBELLOCK (Ages 13+),2024,August,2024-08,2,225.0,112.5,5.5
Instructor_16,CAMPBELLOCK (Ages 13+),2024,December,2024-12,1,39.9,39.9,2.0
Instructor_16,CAMPBELLOCK (Ages 13+),2024,July,2024-07,1,92.0,92.0,4.0
Instructor_16,CAMPBELLOCK (Ages 13+),2024,May,2024-05,1,0.0,0.0,1.0
Instructor_16,CAMPBELLOCK (Ages 13+),2024,November,2024-11,2,91.5,45.75,2.0
Instructor_16,CAMPBELLOCK (Ages 13+),2024,September,2024-09,2,94.0,47.0,2.0
Instructor_16,CAMPBELLOCK (Ages 13+),2025,February,2025-02,1,91.5,91.5,4.0
Instructor_16,CAMPBELLOCK (Ages 13+),2025,January,2025-01,2,133.5,66.75,4.0
Instructor_16,CAMPBELLOCK (Ages 13+),2025,March,2025-03,1,98.0,98.0,5.0
Instructor_16,Locking Trial,2024,May,2024-05,1,65.0,65.0,2.0
Instructor_17,INT. Choreography (Ages 13+),2025,March,2025-03,1,259.3,259.3,18.0
Instructor_18,KPOP Dance Covers (ages 13+),2023,April,2023-04,1,1159.0,1159.0,54.0
Instructor_18,KPOP Dance Covers (ages 13+),2023,August,2023-08,1,950.95,950.95,46.0
Instructor_18,KPOP Dance Covers (ages 13+),2023,December,2023-12,2,1380.9499999999998,690.4749999999999,32.5
Instructor_18,KPOP Dance Covers (ages 13+),2023,February,2023-02,1,809.25,809.25,39.0
Instructor_18,KPOP Dance Covers (ages 13+),2023,January,2023-01,2,2088.5,1044.25,48.5
Instructor_18,KPOP Dance Covers (ages 13+),2023,July,2023-07,2,2029.3666666666668,1014.6833333333334,46.5
Instructor_18,KPOP Dance Covers (ages 13+),2023,June,2023-06,2,2443.9,1221.95,57.5
Instructor_18,KPOP Dance Covers (ages 13+),2023,March,2023-03,4,4081.25,1020.3125,49.25
Instructor_18,KPOP Dance Covers (ages 13+),2023,May,2023-05,2,2019.1000000000001,1009.5500000000001,47.5
Instructor_18,KPOP Dance Covers (ages 13+),2023,November,2023-11,1,1234.3,1234.3,58.0
Instructor_18,KPOP Dance Covers (ages 13+),2023,October,2023-10,2,1519.6999999999998,759.8499999999999,38.0
Instructor_18,KPOP Dance Covers (ages 13+),2023,September,2023-09,3,2724.4666666666667,908.1555555555556,42.666666666666664
Instructor_18,KPOP Dance Covers (ages 13+),2024,April,2024-04,2,1778.2416666666666,889.1208333333333,44.5
Instructor_18,KPOP Dance Covers (ages 13+),2024,August,2024-08,2,2124.55,1062.275,50.5
Instructor_18,KPOP Dance Covers (ages 13+),2024,February,2024-02,2,1705.2541666666666,852.6270833333333,41.0
Instructor_18,KPOP Dance Covers (ages 13+),2024,January,2024-01,1,794.8,794.8,39.0
Instructor_18,KPOP Dance Covers (ages 13+),2024,July,2024-07,2,2564.55,1282.275,61.0
Instructor_18,KPOP Dance Covers (ages 13+),2024,June,2024-06,1,1401.65,1401.65,63.0
Instructor_18,KPOP Dance Covers (ages 13+),2024,March,2024-03,3,3543.0666666666666,1181.0222222222221,57.333333333333336
Instructor_18,KPOP Dance Covers (ages 13+),2024,May,2024-05,2,1922.575,961.2875,45.0
Instructor_18,KPOP Dance Covers (ages 13+),2024,November,2024-11,3,1962.0,654.0,31.333333333333332
Instructor_18,KPOP Dance Covers (ages 13+),2024,October,2024-10,2,1717.0,858.5,42.0
Instructor_18,KPOP Dance Covers (ages 13+),2024,September,2024-09,2,2068.25,1034.125,47.0
Instructor_18,KPOP Dance Covers (ages 13+),2025,February,2025-02,2,961.8,480.9,28.0
Instructor_18,KPOP Dance Covers (ages 13+),2025,January,2025-01,2,1735.6,867.8,44.0
Instructor_18,KPOP Dance Covers (ages 13+),2025,March,2025-03,2,1416.05,708.025,39.5
Instructor_19,BEG. Choreography (Ages 13+),2024,August,2024-08,1,164.9,164.9,9.0
Instructor_19,BEG. Choreography (Ages 13+),2024,December,2024-12,1,256.2,256.2,15.0
Instructor_19,BEG. Choreography (Ages 13+),2024,July,2024-07,2,380.25,190.125,9.5
Instructor_19,BEG. Choreography (Ages 13+),2024,June,2024-06,2,436.41666666666663,218.20833333333331,9.5
Instructor_19,BEG. Choreography (Ages 13+),2024,March,2024-03,1,270.3333333333333,270.3333333333333,23.0
Instructor_19,BEG. Choreography (Ages 13+),2024,May,2024-05,2,528.6666666666666,264.3333333333333,12.5
Instructor_19,BEG. Choreography (Ages 13+),2024,November,2024-11,1,166.5,166.5,10.0
Instructor_19,BEG. Choreography (Ages 13+),2024,October,2024-10,2,625.6833333333333,312.84166666666664,17.5
Instructor_19,BEG. Choreography (Ages 13+),2024,September,2024-09,2,619.5666666666667,309.78333333333336,17.0
Instructor_19,BEG. Choreography (Ages 13+),2025,February,2025-02,1,159.5,159.5,14.0
Instructor_19,BEG. Choreography (Ages 13+),2025,January,2025-01,2,674.6500000000001,337.32500000000005,23.0
Instructor_19,BEG. Choreography (Ages 13+),2025,March,2025-03,2,665.7,332.85,21.5
Instructor_19,INT. Choreography (Ages 13+),2024,April,2024-04,2,348.25416666666666,174.12708333333333,9.0
Instructor_19,KPOP Dance Covers (ages 13+),2023,November,2023-11,1,488.06666666666666,488.06666666666666,25.0
Instructor_19,KPOP Dance Covers (ages 13+),2024,August,2024-08,1,827.7666666666667,827.7666666666667,41.0
Instructor_19,KPOP Dance Covers (ages 13+),2024,June,2024-06,1,1076.65,1076.65,51.0
Instructor_19,KPOP Dance Covers (ages 13+),2024,November,2024-11,1,609.45,609.45,28.0
Instructor_19,KPOP Original Choreo (ages 13+),2024,January,2024-01,1,244.01666666666665,244.01666666666665,12.0
Instructor_19,PW w/ Vida Bao,2024,August,2024-08,4,1395.0,348.75,9.0
Instructor_19,PW w/ Vida Bao,2024,July,2024-07,5,2430.0,486.0,12.0
Instructor_2,ADV.  Choreography (Ages 13+),2024,December,2024-12,1,83.0,83.0,5.0
Instructor_2,BEG. Choreography (Ages 13+),2024,October,2024-10,1,419.46666666666664,419.46666666666664,21.0
Instructor_2,INT. Choreography (Ages 13+),2024,November,2024-11,1,387.1166666666667,387.1166666666667,21.0
Instructor_2,INT. Choreography (Ages 13+),2025,February,2025-02,1,216.7,216.7,11.0
Instructor_2,INT. Choreography (Ages 13+),2025,January,2025-01,2,474.95,237.475,12.5
Instructor_2,INT. Choreography (Ages 13+),2025,March,2025-03,2,409.5333333333333,204.76666666666665,12.0
Instructor_2,OOS Gives Back ,2024,August,2024-08,1,250.0,250.0,10.0
Instructor_20,ALL LEVELS Hip Hop Choreography,2024,December,2024-12,1,153.15,153.15,10.0
Instructor_20,ALL LEVELS Hip Hop Choreography,2024,November,2024-11,1,150.65,150.65,11.0
Instructor_20,ALL LEVELS Hip Hop Choreography,2024,October,2024-10,2,187.15,93.575,5.5
Instructor_20,ALL LEVELS Hip Hop Choreography,2024,September,2024-09,2,141.95,70.975,4.0
Instructor_20,INT. Hip Hop Choreography,2025,February,2025-02,2,134.05,67.025,4.0
Instructor_20,INT. Hip Hop Choreography,2025,January,2025-01,2,297.15,148.575,7.0
Instructor_20,INT. Hip Hop Choreography,2025,March,2025-03,2,311.5,155.75,8.5
Instructor_20,Pop Up Grooves Workshop (Ages 13+),2023,December,2023-12,1,430.35,430.35,22.0
Instructor_21,ADV.  Choreography (Ages 13+),2025,January,2025-01,1,393.9,393.9,21.0
Instructor_21,INT. Choreography (Ages 13+),2025,March,2025-03,1,295.06666666666666,295.06666666666666,19.0
Instructor_22,ADV.  Choreography (Ages 13+),2023,April,2023-04,2,1054.0,527.0,29.0
Instructor_22,ADV.  Choreography (Ages 13+),2023,August,2023-08,1,721.6666666666666,721.6666666666666,37.0
Instructor_22,ADV.  Choreography (Ages 13+),2023,December,2023-12,1,468.7,468.7,27.0
Instructor_22,ADV.  Choreography (Ages 13+),2023,February,2023-02,2,1299.75,649.875,31.0
Instructor_22,ADV.  Choreography (Ages 13+),2023,January,2023-01,2,987.75,493.875,27.0
Instructor_22,ADV.  Choreography (Ages 13+),2023,July,2023-07,3,2588.483333333333,862.8277777777777,45.0
Instructor_22,ADV.  Choreography (Ages 13+),2023,June,2023-06,2,1200.0,600.0,31.0
Instructor_22,ADV.  Choreography (Ages 13+),2023,March,2023-03,2,1312.5,656.25,34.0
Instructor_22,ADV.  Choreography (Ages 13+),2023,November,2023-11,2,1045.6,522.8,28.5
Instructor_22,ADV.  Choreography (Ages 13+),2023,October,2023-10,3,1547.15,515.7166666666667,29.0
Instructor_22,ADV.  Choreography (Ages 13+),2023,September,2023-09,2,1332.7666666666667,666.3833333333333,36.5
Instructor_22,ADV.  Choreography (Ages 13+),2024,August,2024-08,1,473.8,473.8,23.0
Instructor_22,ADV.  Choreography (Ages 13+),2024,December,2024-12,1,250.6,250.6,14.0
Instructor_22,ADV.  Choreography (Ages 13+),2024,January,2024-01,2,1152.9166666666667,576.4583333333334,32.0
Instructor_22,ADV.  Choreography (Ages 13+),2024,July,2024-07,2,1177.1166666666666,588.5583333333333,26.5
Instructor_22,ADV.  Choreography (Ages 13+),2024,June,2024-06,1,648.6,648.6,31.0
Instructor_22,ADV.  Choreography (Ages 13+),2024,March,2024-03,1,267.1666666666667,267.1666666666667,15.0
Instructor_22,ADV.  Choreography (Ages 13+),2024,May,2024-05,1,466.5,466.5,22.0
Instructor_22,ADV.  Choreography (Ages 13+),2024,November,2024-11,1,318.1,318.1,16.0
Instructor_22,ADV.  Choreography (Ages 13+),2024,September,2024-09,2,684.45,342.225,17.0
Instructor_22,ADV.  Choreography (Ages 13+),2025,February,2025-02,1,390.9,390.9,23.0
Instructor_22,ADV.  Choreography (Ages 13+),2025,January,2025-01,2,824.5666666666666,412.2833333333333,24.0
Instructor_22,ADV.  Choreography (Ages 13+),2025,March,2025-03,2,961.7,480.85,27.5
Instructor_22,BEG. Choreography (Ages 13+),2023,August,2023-08,1,492.5,492.5,35.0
Instructor_22,Performance WS w/ Eddie Mina,2023,July,2023-07,1,280.0,280.0,10.0
Instructor_22,Performance WS w/ Eddie Mina,2023,June,2023-06,4,1190.0,297.5,10.75
Instructor_23,ADV.  Choreography (Ages 13+),2024,April,2024-04,2,636.6333333333333,318.31666666666666,17.5
Instructor_23,ADV.  Choreography (Ages 13+),2024,August,2024-08,2,842.4333333333333,421.21666666666664,21.0
Instructor_23,ADV.  Choreography (Ages 13+),2024,December,2024-12,1,199.2,199.2,11.0
Instructor_23,ADV.  Choreography (Ages 13+),2024,February,2024-02,2,479.1833333333333,239.59166666666664,13.5
Instructor_23,ADV.  Choreography (Ages 13+),2024,January,2024-01,2,380.76666666666665,190.38333333333333,12.0
Instructor_23,ADV.  Choreography (Ages 13+),2024,July,2024-07,2,788.4666666666667,394.23333333333335,20.5
Instructor_23,ADV.  Choreography (Ages 13+),2024,June,2024-06,2,732.9333333333334,366.4666666666667,19.5
Instructor_23,ADV.  Choreography (Ages 13+),2024,March,2024-03,1,268.1375,268.1375,14.0
Instructor_23,ADV.  Choreography (Ages 13+),2024,May,2024-05,1,314.43333333333334,314.43333333333334,17.0
Instructor_23,ADV.  Choreography (Ages 13+),2024,November,2024-11,2,317.9166666666667,158.95833333333334,8.5
Instructor_23,ADV.  Choreography (Ages 13+),2024,October,2024-10,2,309.3333333333333,154.66666666666666,8.5
Instructor_23,ADV.  Choreography (Ages 13+),2024,September,2024-09,2,407.73333333333335,203.86666666666667,12.0
Instructor_23,BEG. Choreography (Ages 13+),2023,November,2023-11,2,778.1,389.05,21.5
Instructor_23,BEG. Choreography (Ages 13+),2023,October,2023-10,1,271.93333333333334,271.93333333333334,18.0
Instructor_23,BEG. Choreography (Ages 13+),2023,September,2023-09,1,529.4333333333333,529.4333333333333,27.0
Instructor_23,Hip Hop 1A (5 - 7),2024,December,2024-12,1,29.0,29.0,2.0
Instructor_23,Hip Hop 1A (5 - 7),2024,November,2024-11,3,92.8,30.933333333333334,2.3333333333333335
Instructor_23,Hip Hop 1A (5 - 7),2024,October,2024-10,7,150.8,21.542857142857144,1.4285714285714286
Instructor_23,Hip Hop 1A (5 - 7),2024,September,2024-09,7,504.6,72.08571428571429,2.857142857142857
Instructor_23,Hip Hop 1A (5 - 7),2025,February,2025-02,3,46.4,15.466666666666667,1.6666666666666667
Instructor_23,Hip Hop 1A (5 - 7),2025,January,2025-01,3,23.2,7.733333333333333,1.6666666666666667
Instructor_23,Hip Hop 1A (5 - 7),2025,March,2025-03,3,46.4,15.466666666666667,2.0
Instructor_23,Hip Hop 1A (7 - 10),2023,December,2023-12,2,123.39999999999999,61.699999999999996,4.0
Instructor_23,Hip Hop 1A (7 - 10),2023,November,2023-11,3,188.8,62.93333333333334,4.0
Instructor_23,Hip Hop 1A (7 - 10),2023,October,2023-10,2,194.4,97.2,4.5
Instructor_23,Hip Hop 1A (7 - 10),2023,September,2023-09,4,216.00000000000003,54.00000000000001,4.0
Instructor_23,Hip Hop 1A (7 - 10),2024,April,2024-04,4,313.2,78.3,4.0
Instructor_23,Hip Hop 1A (7 - 10),2024,February,2024-02,4,345.6,86.4,4.0
Instructor_23,Hip Hop 1A (7 - 10),2024,January,2024-01,3,334.8,111.60000000000001,5.666666666666667
Instructor_23,Hip Hop 1A (7 - 10),2024,March,2024-03,3,324.0,108.0,5.0
Instructor_23,Hip Hop 1A (7 - 10),2024,September,2024-09,2,46.4,23.2,1.0
Instructor_23,Hip Hop 1A (9 - 13),2024,September,2024-09,2,23.2,11.6,1.0
Instructor_23,Hip Hop 1B (6 - 8),2023,December,2023-12,2,113.39999999999999,56.699999999999996,3.5
Instructor_23,Hip Hop 1B (6 - 8),2023,November,2023-11,3,145.8,48.6,3.0
Instructor_23,Hip Hop 1B (6 - 8),2023,September,2023-09,3,237.60000000000002,79.2,4.0
Instructor_23,Hip Hop 1B (6 - 8),2024,April,2024-04,4,334.8,83.7,4.25
Instructor_23,Hip Hop 1B (6 - 8),2024,February,2024-02,4,324.0,81.0,3.75
Instructor_23,Hip Hop 1B (6 - 8),2024,January,2024-01,3,264.6,88.2,4.333333333333333
Instructor_23,Hip Hop 1B (6 - 8),2024,March,2024-03,3,324.0,108.0,5.0
Instructor_23,Hip Hop 2A (7 - 10),2024,December,2024-12,2,278.4,139.2,7.0
Instructor_23,Hip Hop 2A (7 - 10),2024,November,2024-11,3,341.0,113.66666666666667,6.0
Instructor_23,Hip Hop 2A (7 - 10),2024,October,2024-10,4,309.59999999999997,77.39999999999999,4.25
Instructor_23,Hip Hop 2A (7 - 10),2024,September,2024-09,4,350.8,87.7,4.25
Instructor_23,Hip Hop 2A (7 - 10),2025,February,2025-02,4,359.0,89.75,6.0
Instructor_23,Hip Hop 2A (7 - 10),2025,January,2025-01,4,139.2,34.8,4.0
Instructor_23,Hip Hop 2A (7 - 10),2025,March,2025-03,2,371.2,185.6,8.0
Instructor_23,Hip Hop 2A (8 - 11),2024,December,2024-12,2,243.6,121.8,5.0
Instructor_23,Hip Hop 2A (8 - 11),2024,November,2024-11,3,313.2,104.39999999999999,5.0
Instructor_23,Hip Hop 2A (8 - 11),2024,October,2024-10,4,75.6,18.9,6.0
Instructor_23,Hip Hop 2A (8 - 11),2024,September,2024-09,4,475.4,118.85,5.5
Instructor_23,Hip Hop 2A (8 - 11),2025,February,2025-02,4,504.6,126.15,7.25
Instructor_23,Hip Hop 2A (8 - 11),2025,January,2025-01,3,208.79999999999998,69.6,6.0
Instructor_23,Hip Hop 2A (8 - 11),2025,March,2025-03,3,603.2,201.0666666666667,8.666666666666666
Instructor_23,Hip Hop 2B (9 - 13),2023,December,2023-12,2,129.6,64.8,3.5
Instructor_23,Hip Hop 2B (9 - 13),2023,November,2023-11,3,199.8,66.60000000000001,4.0
Instructor_23,Hip Hop 2B (9 - 13),2023,October,2023-10,3,167.39999999999998,55.79999999999999,3.6666666666666665
Instructor_23,Hip Hop 2B (9 - 13),2023,September,2023-09,4,307.8,76.95,4.0
Instructor_23,Hip Hop 2B (9 - 13),2024,April,2024-04,4,299.7,74.925,4.25
Instructor_23,Hip Hop 2B (9 - 13),2024,December,2024-12,2,139.2,69.6,3.0
Instructor_23,Hip Hop 2B (9 - 13),2024,February,2024-02,4,415.8,103.95,5.0
Instructor_23,Hip Hop 2B (9 - 13),2024,January,2024-01,3,270.0,90.0,4.666666666666667
Instructor_23,Hip Hop 2B (9 - 13),2024,March,2024-03,3,334.8,111.60000000000001,5.333333333333333
Instructor_23,Hip Hop 2B (9 - 13),2024,November,2024-11,3,162.39999999999998,54.133333333333326,2.3333333333333335
Instructor_23,Hip Hop 2B (9 - 13),2024,October,2024-10,3,136.0,45.333333333333336,2.0
Instructor_23,Hip Hop 2B (9 - 13),2024,September,2024-09,4,199.2,49.8,2.5
Instructor_23,Hip Hop 2B (9 - 13),2025,February,2025-02,3,69.6,23.2,2.3333333333333335
Instructor_23,Hip Hop 2B (9 - 13),2025,January,2025-01,3,139.2,46.4,3.0
Instructor_23,Hip Hop 2B (9 - 13),2025,March,2025-03,3,162.39999999999998,54.133333333333326,2.3333333333333335
Instructor_23,INT. Choreography (Ages 13+),2025,February,2025-02,2,253.70000000000002,126.85000000000001,8.0
Instructor_23,INT. Choreography (Ages 13+),2025,January,2025-01,2,301.55,150.775,12.0
Instructor_23,INT. Choreography (Ages 13+),2025,March,2025-03,1,75.65,75.65,7.0
Instructor_23,Junior Dance Choreo  (Ages 9 - 13) ,2024,August,2024-08,2,141.6,70.8,2.5
Instructor_23,Junior Dance Choreo  (Ages 9 - 13) ,2024,July,2024-07,1,43.2,43.2,2.0
Instructor_23,Junior Dance Choreo  (Ages 9 - 13) ,2024,June,2024-06,1,21.6,21.6,1.0
Instructor_23,Kids Dance Choreo (Ages7-10) ,2024,August,2024-08,3,164.8,54.93333333333334,2.3333333333333335
Instructor_23,Kids Dance Choreo (Ages7-10) ,2024,July,2024-07,2,193.4,96.7,4.5
Instructor_23,Kids Dance Choreo (Ages7-10) ,2024,June,2024-06,2,232.8,116.4,5.0
Instructor_23,Kids Performance Workshop (Ages 8 -13) ,2025,February,2025-02,2,200.0,100.0,2.5
Instructor_23,Kids Performance Workshop (Ages 8 -13) ,2025,March,2025-03,3,280.0,93.33333333333333,2.3333333333333335
Instructor_23,Mini Dance Choreo (Ages 5 - 7),2024,August,2024-08,8,183.0,22.875,1.25
Instructor_23,Mini Dance Choreo (Ages 5 - 7),2024,July,2024-07,5,133.0,26.6,1.4
Instructor_23,Mini Dance Choreo (Ages 5 - 7),2024,June,2024-06,4,241.2,60.3,2.5
Instructor_24,HOUSE (ages 13+),2025,March,2025-03,2,426.15,213.075,14.5
Instructor_25,ADV.  Choreography (Ages 13+),2024,July,2024-07,1,185.8,185.8,9.0
Instructor_25,BEG. Choreography (Ages 13+),2023,April,2023-04,3,798.5,266.1666666666667,15.0
Instructor_25,BEG. Choreography (Ages 13+),2023,August,2023-08,2,1013.45,506.725,28.0
Instructor_25,BEG. Choreography (Ages 13+),2023,December,2023-12,2,523.8499999999999,261.92499999999995,15.0
Instructor_25,BEG. Choreography (Ages 13+),2023,February,2023-02,2,1084.0,542.0,29.0
Instructor_25,BEG. Choreography (Ages 13+),2023,January,2023-01,3,1232.0,410.6666666666667,21.333333333333332
Instructor_25,BEG. Choreography (Ages 13+),2023,July,2023-07,2,1075.1333333333334,537.5666666666667,28.0
Instructor_25,BEG. Choreography (Ages 13+),2023,June,2023-06,2,652.3666666666667,326.18333333333334,20.0
Instructor_25,BEG. Choreography (Ages 13+),2023,March,2023-03,3,935.0,311.6666666666667,17.333333333333332
Instructor_25,BEG. Choreography (Ages 13+),2023,May,2023-05,1,413.55,413.55,22.0
Instructor_25,BEG. Choreography (Ages 13+),2023,November,2023-11,2,854.0833333333334,427.0416666666667,24.5
Instructor_25,BEG. Choreography (Ages 13+),2023,October,2023-10,1,523.65,523.65,27.0
Instructor_25,BEG. Choreography (Ages 13+),2023,September,2023-09,3,1371.2333333333333,457.0777777777778,25.0
Instructor_25,BEG. Choreography (Ages 13+),2024,April,2024-04,1,497.65,497.65,28.0
Instructor_25,BEG. Choreography (Ages 13+),2024,August,2024-08,2,685.8875,342.94375,17.0
Instructor_25,BEG. Choreography (Ages 13+),2024,December,2024-12,2,472.29999999999995,236.14999999999998,12.0
Instructor_25,BEG. Choreography (Ages 13+),2024,January,2024-01,2,991.1666666666666,495.5833333333333,31.5
Instructor_25,BEG. Choreography (Ages 13+),2024,July,2024-07,2,662.75,331.375,16.0
Instructor_25,BEG. Choreography (Ages 13+),2024,June,2024-06,2,567.25,283.625,13.5
Instructor_25,BEG. Choreography (Ages 13+),2024,March,2024-03,2,601.95,300.975,25.5
Instructor_25,BEG. Choreography (Ages 13+),2024,May,2024-05,2,337.5875,168.79375,8.0
Instructor_25,BEG. Choreography (Ages 13+),2024,November,2024-11,2,340.3,170.15,8.0
Instructor_25,BEG. Choreography (Ages 13+),2024,October,2024-10,2,242.8,121.4,6.0
Instructor_25,BEG. Choreography (Ages 13+),2024,September,2024-09,2,577.55,288.775,13.5
Instructor_25,BEG. Choreography (Ages 13+),2025,February,2025-02,2,772.3,386.15,26.0
Instructor_25,BEG. Choreography (Ages 13+),2025,January,2025-01,2,723.8,361.9,20.0
Instructor_25,BEG. Choreography (Ages 13+),2025,March,2025-03,2,943.5,471.75,27.5
Instructor_25,INT. Choreography (Ages 13+),2024,December,2024-12,1,196.825,196.825,12.0
Instructor_26,INT. Choreography (Ages 13+),2025,February,2025-02,1,210.01666666666665,210.01666666666665,15.0
Instructor_26,INT. Choreography (Ages 13+),2025,March,2025-03,1,238.45,238.45,17.0
Instructor_27,BEG. Choreography (Ages 13+),2023,February,2023-02,3,1038.0,346.0,19.0
Instructor_27,BEG. Choreography (Ages 13+),2023,January,2023-01,2,421.25,210.625,15.0
Instructor_27,BEG. Choreography (Ages 13+),2023,March,2023-03,2,328.0,164.0,13.5
Instructor_27,Hip Hop 1A (5 - 7),2024,November,2024-11,1,46.4,46.4,3.0
Instructor_27,Hip Hop 1A (9 - 13),2023,April,2023-04,2,216.0,108.0,5.0
Instructor_27,Hip Hop 1A (9 - 13),2023,February,2023-02,4,421.20000000000005,105.30000000000001,5.0
Instructor_27,Hip Hop 1A (9 - 13),2023,January,2023-01,3,327.0,109.0,4.666666666666667
Instructor_27,Hip Hop 1A (9 - 13),2023,July,2023-07,2,140.4,70.2,4.5
Instructor_27,Hip Hop 1A (9 - 13),2023,June,2023-06,2,181.20000000000002,90.60000000000001,4.5
Instructor_27,Hip Hop 1A (9 - 13),2023,March,2023-03,4,432.0,108.0,5.0
Instructor_27,Hip Hop 1A (9 - 13),2023,May,2023-05,3,129.60000000000002,43.20000000000001,2.0
Instructor_27,INT. Choreography (Ages 13+),2023,February,2023-02,2,449.75,224.875,12.0
Instructor_27,INT. Choreography (Ages 13+),2023,January,2023-01,2,403.0,201.5,12.0
Instructor_27,INT. Choreography (Ages 13+),2024,September,2024-09,1,143.76666666666665,143.76666666666665,7.0
Instructor_27,INT. Choreography (Ages 13+),2025,March,2025-03,1,223.15,223.15,17.0
Instructor_28,INT. Choreography (Ages 13+),2025,March,2025-03,1,50.5,50.5,4.0
Instructor_29,INT. Choreography (Ages 13+),2025,February,2025-02,1,85.15,85.15,6.0
Instructor_3,ADV.  Choreography (Ages 13+),2023,December,2023-12,1,110.43333333333334,110.43333333333334,7.0
Instructor_3,ADV.  Choreography (Ages 13+),2024,November,2024-11,1,105.3,105.3,6.0
Instructor_3,ADV.  Choreography (Ages 13+),2024,September,2024-09,1,207.7,207.7,11.0
Instructor_3,ADV.  Choreography (Ages 13+),2025,February,2025-02,2,477.41666666666663,238.70833333333331,15.0
Instructor_3,ADV.  Choreography (Ages 13+),2025,January,2025-01,2,471.09999999999997,235.54999999999998,13.0
Instructor_3,ADV.  Choreography (Ages 13+),2025,March,2025-03,3,895.05,298.34999999999997,17.666666666666668
Instructor_3,BEG. Choreography (Ages 13+),2023,April,2023-04,1,246.5,246.5,14.0
Instructor_3,BEG. Choreography (Ages 13+),2023,December,2023-12,2,231.65,115.825,12.0
Instructor_3,BEG. Choreography (Ages 13+),2023,February,2023-02,2,334.75,167.375,9.0
Instructor_3,BEG. Choreography (Ages 13+),2023,January,2023-01,2,430.75,215.375,13.5
Instructor_3,BEG. Choreography (Ages 13+),2023,March,2023-03,2,415.75,207.875,12.5
Instructor_3,BEG. Choreography (Ages 13+),2024,April,2024-04,2,410.25,205.125,17.0
Instructor_3,BEG/INT Grooves (Ages 13+),2025,February,2025-02,4,810.3416666666667,202.58541666666667,10.5
Instructor_3,BEG/INT Grooves (Ages 13+),2025,January,2025-01,4,749.7166666666667,187.42916666666667,9.5
Instructor_3,BEG/INT Grooves (Ages 13+),2025,March,2025-03,4,826.6833333333334,206.67083333333335,10.5
Instructor_3,Footwork Foundation,2023,April,2023-04,3,677.0,225.66666666666666,7.666666666666667
Instructor_3,Footwork Foundation,2023,August,2023-08,1,240.0,240.0,9.0
Instructor_3,Footwork Foundation,2023,February,2023-02,4,443.0,110.75,4.5
Instructor_3,Footwork Foundation,2023,January,2023-01,4,406.0,101.5,4.75
Instructor_3,Footwork Foundation,2023,July,2023-07,4,1000.0,250.0,8.5
Instructor_3,Footwork Foundation,2023,June,2023-06,5,1055.0,211.0,8.6
Instructor_3,Footwork Foundation,2023,March,2023-03,4,833.0,208.25,7.25
Instructor_3,Footwork Foundation,2023,May,2023-05,4,1065.0,266.25,7.25
Instructor_3,Footwork Foundation,2023,October,2023-10,2,202.0,101.0,2.5
Instructor_3,Footwork Foundation,2023,September,2023-09,2,201.0,100.5,2.5
Instructor_3,Footwork Foundation,2024,April,2024-04,3,245.0,81.66666666666667,2.3333333333333335
Instructor_3,Footwork Foundation,2024,February,2024-02,3,280.0,93.33333333333333,3.3333333333333335
Instructor_3,Footwork Foundation,2024,January,2024-01,2,250.0,125.0,4.0
Instructor_3,Footwork Foundation,2024,March,2024-03,3,315.0,105.0,4.0
Instructor_3,Footwork Foundation Trial,2024,January,2024-01,1,0.0,0.0,4.0
Instructor_3,Footwork Foundation Trial,2024,March,2024-03,1,0.0,0.0,2.0
Instructor_3,Footwork Foundation Trial,2024,May,2024-05,1,0.0,0.0,2.0
Instructor_3,INT. Choreography (Ages 13+),2023,August,2023-08,2,398.9166666666667,199.45833333333334,12.0
Instructor_3,INT. Choreography (Ages 13+),2023,December,2023-12,2,264.5,132.25,8.5
Instructor_3,INT. Choreography (Ages 13+),2023,July,2023-07,3,1128.3,376.09999999999997,21.666666666666668
Instructor_3,INT. Choreography (Ages 13+),2023,June,2023-06,2,571.6666666666666,285.8333333333333,16.0
Instructor_3,INT. Choreography (Ages 13+),2023,May,2023-05,1,191.8,191.8,10.0
Instructor_3,INT. Choreography (Ages 13+),2023,November,2023-11,2,374.4666666666667,187.23333333333335,11.5
Instructor_3,INT. Choreography (Ages 13+),2023,October,2023-10,2,360.1,180.05,12.5
Instructor_3,INT. Choreography (Ages 13+),2023,September,2023-09,1,352.93333333333334,352.93333333333334,23.0
Instructor_3,INT. Choreography (Ages 13+),2024,April,2024-04,2,717.3208333333333,358.66041666666666,20.0
Instructor_3,INT. Choreography (Ages 13+),2024,August,2024-08,1,184.76666666666668,184.76666666666668,11.0
Instructor_3,INT. Choreography (Ages 13+),2024,December,2024-12,1,81.15,81.15,5.0
Instructor_3,INT. Choreography (Ages 13+),2024,February,2024-02,2,473.875,236.9375,13.0
Instructor_3,INT. Choreography (Ages 13+),2024,January,2024-01,2,631.6166666666667,315.80833333333334,18.0
Instructor_3,INT. Choreography (Ages 13+),2024,July,2024-07,2,555.7666666666667,277.8833333333333,15.0
Instructor_3,INT. Choreography (Ages 13+),2024,June,2024-06,1,160.76666666666665,160.76666666666665,8.0
Instructor_3,INT. Choreography (Ages 13+),2024,March,2024-03,1,230.4875,230.4875,14.0
Instructor_3,INT. Choreography (Ages 13+),2024,May,2024-05,2,213.73333333333332,106.86666666666666,6.5
Instructor_3,INT. Choreography (Ages 13+),2024,November,2024-11,3,798.3666666666666,266.1222222222222,14.333333333333334
Instructor_3,INT. Choreography (Ages 13+),2024,October,2024-10,2,371.4,185.7,9.0
Instructor_3,INT. Choreography (Ages 13+),2024,September,2024-09,2,350.35,175.175,8.5
Instructor_3,Int/Adv Grooves,2023,April,2023-04,1,126.0,126.0,4.0
Instructor_3,Int/Adv Grooves,2023,March,2023-03,2,257.0,128.5,4.0
Instructor_3,Intro to Grooves,2024,April,2024-04,3,480.0,160.0,5.0
Instructor_3,Intro to Grooves,2024,February,2024-02,3,420.0,140.0,4.0
Instructor_3,Intro to Grooves,2024,January,2024-01,3,495.0,165.0,5.0
Instructor_3,Intro to Grooves,2024,March,2024-03,3,330.0,110.0,4.666666666666667
Instructor_3,Intro to Grooves Trial,2024,January,2024-01,1,30.0,30.0,4.0
Instructor_3,Intro to Grooves Trial,2024,March,2024-03,1,30.0,30.0,4.0
Instructor_3,KPOP Original Choreo (ages 13+),2023,August,2023-08,1,674.2333333333333,674.2333333333333,32.0
Instructor_3,KPOP Original Choreo (ages 13+),2023,December,2023-12,1,273.45,273.45,13.0
Instructor_3,KPOP Original Choreo (ages 13+),2023,July,2023-07,1,222.25,222.25,10.0
Instructor_3,KPOP Original Choreo (ages 13+),2023,May,2023-05,1,271.76666666666665,271.76666666666665,14.0
Instructor_3,KPOP Original Choreo (ages 13+),2023,November,2023-11,1,231.73333333333332,231.73333333333332,12.0
Instructor_30,INT. Choreography (Ages 13+),2025,February,2025-02,2,110.0,55.0,3.5
Instructor_30,INT. Choreography (Ages 13+),2025,January,2025-01,2,401.3,200.65,9.5
Instructor_31,INT. Choreography (Ages 13+),2025,February,2025-02,1,285.85,285.85,18.0
Instructor_32,INT. Choreography (Ages 13+),2025,February,2025-02,2,563.8,281.9,22.0
Instructor_32,INT. Choreography (Ages 13+),2025,January,2025-01,1,300.5,300.5,17.0
Instructor_33,ADV.  Choreography (Ages 13+),2024,July,2024-07,1,314.7,314.7,16.0
Instructor_33,BEG. Choreography (Ages 13+),2024,August,2024-08,2,368.9875,184.49375,10.0
Instructor_33,BEG. Choreography (Ages 13+),2024,December,2024-12,2,304.5,152.25,10.0
Instructor_33,BEG. Choreography (Ages 13+),2024,January,2024-01,1,214.51666666666665,214.51666666666665,21.0
Instructor_33,BEG. Choreography (Ages 13+),2024,July,2024-07,3,649.4499999999999,216.48333333333332,11.0
Instructor_33,BEG. Choreography (Ages 13+),2024,June,2024-06,3,710.6875,236.89583333333334,11.666666666666666
Instructor_33,BEG. Choreography (Ages 13+),2024,May,2024-05,2,504.9583333333333,252.47916666666666,14.0
Instructor_33,BEG. Choreography (Ages 13+),2024,November,2024-11,2,140.75,70.375,5.0
Instructor_33,BEG. Choreography (Ages 13+),2024,October,2024-10,3,544.8,181.6,9.666666666666666
Instructor_33,BEG. Choreography (Ages 13+),2024,September,2024-09,2,166.0,83.0,5.0
Instructor_33,BEG. Choreography (Ages 13+),2025,February,2025-02,1,308.55,308.55,21.0
Instructor_33,Hip Hop 1A (7 - 10),2023,December,2023-12,1,68.8,68.8,5.0
Instructor_33,Hip Hop 1A (7 - 10),2023,November,2023-11,1,108.0,108.0,5.0
Instructor_33,Hip Hop 1A (7 - 10),2024,September,2024-09,3,65.25,21.75,1.0
Instructor_33,Hip Hop 1B (6 - 8),2023,December,2023-12,1,64.8,64.8,4.0
Instructor_33,Hip Hop 2A (7 - 10),2025,March,2025-03,1,162.4,162.4,7.0
Instructor_33,Hip Hop 2B (9 - 13),2023,December,2023-12,1,37.8,37.8,2.0
Instructor_33,INT. Choreography (Ages 13+),2024,July,2024-07,1,355.5,355.5,19.0
Instructor_33,INT. Choreography (Ages 13+),2024,May,2024-05,1,191.8,191.8,10.0
Instructor_33,INT. Choreography (Ages 13+),2024,September,2024-09,1,83.5,83.5,6.0
Instructor_33,INT. Choreography (Ages 13+),2025,February,2025-02,1,55.125,55.125,5.0
Instructor_33,Junior Dance Choreo  (Ages 9 - 13) ,2024,August,2024-08,2,51.6,25.8,1.0
Instructor_33,Junior Dance Choreo  (Ages 9 - 13) ,2024,July,2024-07,3,108.0,36.0,2.0
Instructor_33,Junior Dance Choreo  (Ages 9 - 13) ,2024,June,2024-06,2,64.80000000000001,32.400000000000006,1.5
Instructor_33,Kids Dance Choreo (Ages7-10) ,2024,August,2024-08,3,266.20000000000005,88.73333333333335,4.0
Instructor_33,Kids Dance Choreo (Ages7-10) ,2024,July,2024-07,5,314.20000000000005,62.84000000000001,3.2
Instructor_33,Kids Dance Choreo (Ages7-10) ,2024,June,2024-06,1,43.2,43.2,2.0
Instructor_34,BEG. Choreography (Ages 13+),2025,February,2025-02,1,337.4,337.4,22.0
Instructor_35,ADV.  Choreography (Ages 13+),2023,June,2023-06,1,303.3666666666667,303.3666666666667,20.0
Instructor_35,ADV.  Choreography (Ages 13+),2024,August,2024-08,2,369.9333333333333,184.96666666666664,9.5
Instructor_35,ADV.  Choreography (Ages 13+),2024,December,2024-12,2,473.4916666666667,236.74583333333334,12.0
Instructor_35,ADV.  Choreography (Ages 13+),2024,July,2024-07,2,284.7833333333333,142.39166666666665,8.5
Instructor_35,ADV.  Choreography (Ages 13+),2024,June,2024-06,1,294.65,294.65,15.0
Instructor_35,ADV.  Choreography (Ages 13+),2024,May,2024-05,2,526.2208333333333,263.11041666666665,14.0
Instructor_35,ADV.  Choreography (Ages 13+),2024,November,2024-11,2,343.29999999999995,171.64999999999998,10.5
Instructor_35,ADV.  Choreography (Ages 13+),2024,October,2024-10,2,344.26666666666665,172.13333333333333,9.5
Instructor_35,ADV.  Choreography (Ages 13+),2024,September,2024-09,1,267.31666666666666,267.31666666666666,14.0
Instructor_35,BEG. Choreography (Ages 13+),2023,April,2023-04,1,357.0,357.0,20.0
Instructor_35,BEG. Choreography (Ages 13+),2023,August,2023-08,2,801.6500000000001,400.82500000000005,22.0
Instructor_35,BEG. Choreography (Ages 13+),2023,February,2023-02,1,702.5,702.5,37.0
Instructor_35,BEG. Choreography (Ages 13+),2023,January,2023-01,1,551.25,551.25,28.0
Instructor_35,BEG. Choreography (Ages 13+),2023,July,2023-07,4,2165.0666666666666,541.2666666666667,29.25
Instructor_35,BEG. Choreography (Ages 13+),2023,June,2023-06,2,1117.5,558.75,29.5
Instructor_35,BEG. Choreography (Ages 13+),2023,March,2023-03,1,445.5,445.5,25.0
Instructor_35,BEG. Choreography (Ages 13+),2023,May,2023-05,2,677.1166666666666,338.5583333333333,18.5
Instructor_35,INT. Choreography (Ages 13+),2023,December,2023-12,1,361.31666666666666,361.31666666666666,23.0
Instructor_35,INT. Choreography (Ages 13+),2023,November,2023-11,2,709.6833333333334,354.8416666666667,24.0
Instructor_35,INT. Choreography (Ages 13+),2023,October,2023-10,2,452.8333333333333,226.41666666666666,16.5
Instructor_35,INT. Choreography (Ages 13+),2023,September,2023-09,2,622.6166666666667,311.30833333333334,20.0
Instructor_35,INT. Choreography (Ages 13+),2024,December,2024-12,1,98.675,98.675,6.0
Instructor_35,INT. Choreography (Ages 13+),2025,February,2025-02,1,203.76666666666665,203.76666666666665,17.0
Instructor_35,OOS Gives Back ,2024,June,2024-06,1,275.0,275.0,11.0
Instructor_36,INT. Choreography (Ages 13+),2025,February,2025-02,1,379.8666666666667,379.8666666666667,24.0
Instructor_37,ADV.  Choreography (Ages 13+),2024,April,2024-04,2,371.50416666666666,185.75208333333333,11.0
Instructor_37,ADV.  Choreography (Ages 13+),2024,August,2024-08,2,399.1,199.55,11.0
Instructor_37,ADV.  Choreography (Ages 13+),2024,February,2024-02,3,400.825,133.60833333333332,8.0
Instructor_37,ADV.  Choreography (Ages 13+),2024,January,2024-01,1,103.16666666666667,103.16666666666667,6.0
Instructor_37,ADV.  Choreography (Ages 13+),2024,July,2024-07,1,158.4,158.4,8.0
Instructor_37,ADV.  Choreography (Ages 13+),2024,June,2024-06,2,596.65,298.325,14.0
Instructor_37,ADV.  Choreography (Ages 13+),2024,March,2024-03,2,395.4291666666667,197.71458333333334,11.0
Instructor_37,ADV.  Choreography (Ages 13+),2024,May,2024-05,2,342.5333333333333,171.26666666666665,9.5
Instructor_37,INT. Hip Hop Choreography,2024,December,2024-12,1,156.8,156.8,8.0
Instructor_37,INT. Hip Hop Choreography,2024,November,2024-11,2,253.20000000000002,126.60000000000001,7.5
Instructor_37,INT. Hip Hop Choreography,2024,October,2024-10,2,285.45,142.725,7.5
Instructor_37,INT. Hip Hop Choreography,2024,September,2024-09,2,714.7666666666667,357.3833333333333,17.0
Instructor_37,INT. Hip Hop Choreography,2025,January,2025-01,2,343.4,171.7,8.0
Instructor_37,PW w/ Jay Chris Moore,2024,July,2024-07,1,45.0,45.0,4.0
Instructor_38,INT. Choreography (Ages 13+),2025,January,2025-01,1,354.925,354.925,21.0
Instructor_39,INT. Choreography (Ages 13+),2025,January,2025-01,1,190.51666666666665,190.51666666666665,12.0
Instructor_39,INT. Hip Hop Choreography,2024,December,2024-12,1,375.8,375.8,20.0
Instructor_39,OOS Gives Back ,2024,July,2024-07,1,125.0,125.0,5.0
Instructor_4,YOGA (ages 13+),2024,December,2024-12,3,118.5,39.5,3.0
Instructor_4,YOGA (ages 13+),2024,November,2024-11,4,355.4666666666667,88.86666666666667,8.0
Instructor_4,YOGA (ages 13+),2024,October,2024-10,3,308.7,102.89999999999999,5.666666666666667
Instructor_4,YOGA (ages 13+),2024,September,2024-09,3,263.65,87.88333333333333,5.666666666666667
Instructor_4,YOGA (ages 13+),2025,February,2025-02,2,96.3,48.15,4.5
Instructor_4,YOGA (ages 13+),2025,January,2025-01,3,82.85,27.616666666666664,3.6666666666666665
Instructor_4,YOGA (ages 13+),2025,March,2025-03,5,380.8083333333333,76.16166666666666,7.8
Instructor_40,ADV.  Choreography (Ages 13+),2023,September,2023-09,1,377.98333333333335,377.98333333333335,25.0
Instructor_40,ADV.  Choreography (Ages 13+),2024,April,2024-04,1,356.94166666666666,356.94166666666666,22.0
Instructor_40,ADV.  Choreography (Ages 13+),2024,August,2024-08,1,420.96666666666664,420.96666666666664,22.0
Instructor_40,ADV.  Choreography (Ages 13+),2024,July,2024-07,2,696.8666666666667,348.43333333333334,19.5
Instructor_40,ADV.  Choreography (Ages 13+),2024,June,2024-06,2,579.4833333333333,289.7416666666667,15.5
Instructor_40,ADV.  Choreography (Ages 13+),2024,May,2024-05,3,730.3875,243.4625,14.0
Instructor_40,ADV.  Choreography (Ages 13+),2025,January,2025-01,1,244.325,244.325,15.0
Instructor_40,BEG. Choreography (Ages 13+),2023,August,2023-08,3,470.16666666666663,156.7222222222222,12.666666666666666
Instructor_40,BEG. Choreography (Ages 13+),2023,July,2023-07,2,262.81666666666666,131.40833333333333,15.5
Instructor_40,BEG. Choreography (Ages 13+),2023,June,2023-06,1,39.0,39.0,4.0
Instructor_40,BEG. Choreography (Ages 13+),2023,May,2023-05,2,108.25,54.125,5.0
Instructor_40,BEG. Choreography (Ages 13+),2023,November,2023-11,3,473.25,157.75,10.666666666666666
Instructor_40,BEG. Choreography (Ages 13+),2023,October,2023-10,3,1006.8499999999999,335.6166666666666,18.333333333333332
Instructor_40,BEG. Choreography (Ages 13+),2023,September,2023-09,2,343.15,171.575,15.5
Instructor_40,BEG. Choreography (Ages 13+),2024,February,2024-02,1,323.8375,323.8375,29.0
Instructor_40,INT. Choreography (Ages 13+),2023,December,2023-12,1,206.06666666666666,206.06666666666666,12.0
Instructor_40,INT. Choreography (Ages 13+),2023,November,2023-11,3,365.2166666666667,121.7388888888889,12.666666666666666
Instructor_40,INT. Choreography (Ages 13+),2023,October,2023-10,1,153.76666666666665,153.76666666666665,15.0
Instructor_40,INT. Choreography (Ages 13+),2023,September,2023-09,1,122.43333333333334,122.43333333333334,8.0
Instructor_40,INT. Choreography (Ages 13+),2024,April,2024-04,2,933.875,466.9375,24.5
Instructor_40,INT. Choreography (Ages 13+),2024,January,2024-01,2,782.8833333333333,391.44166666666666,24.0
Instructor_40,INT. Choreography (Ages 13+),2024,March,2024-03,2,780.6333333333333,390.31666666666666,22.0
Instructor_40,INT. Choreography (Ages 13+),2024,November,2024-11,1,241.56666666666666,241.56666666666666,12.0
Instructor_41,INT. Choreography (Ages 13+),2025,January,2025-01,1,187.8,187.8,10.0
Instructor_42,ADV.  Choreography (Ages 13+),2023,September,2023-09,1,237.36666666666667,237.36666666666667,16.0
Instructor_42,BEG. Choreography (Ages 13+),2023,April,2023-04,1,325.5,325.5,18.0
Instructor_42,BEG. Choreography (Ages 13+),2023,August,2023-08,2,801.2333333333333,400.6166666666667,21.0
Instructor_42,BEG. Choreography (Ages 13+),2023,February,2023-02,2,508.75,254.375,14.5
Instructor_42,BEG. Choreography (Ages 13+),2023,January,2023-01,2,606.75,303.375,16.5
Instructor_42,BEG. Choreography (Ages 13+),2023,July,2023-07,2,671.6333333333333,335.81666666666666,20.5
Instructor_42,BEG. Choreography (Ages 13+),2023,June,2023-06,2,641.6333333333333,320.81666666666666,18.0
Instructor_42,BEG. Choreography (Ages 13+),2023,March,2023-03,3,707.75,235.91666666666666,13.333333333333334
Instructor_42,BEG. Choreography (Ages 13+),2023,May,2023-05,2,531.9166666666667,265.95833333333337,16.0
Instructor_42,INT. Choreography (Ages 13+),2023,December,2023-12,1,63.266666666666666,63.266666666666666,6.0
Instructor_42,INT. Choreography (Ages 13+),2023,November,2023-11,2,209.93333333333334,104.96666666666667,7.5
Instructor_42,INT. Choreography (Ages 13+),2023,October,2023-10,2,266.7,133.35,10.0
Instructor_42,INT. Choreography (Ages 13+),2023,September,2023-09,1,79.75,79.75,4.0
Instructor_42,INT. Choreography (Ages 13+),2024,April,2024-04,2,499.6833333333333,249.84166666666664,14.5
Instructor_42,INT. Choreography (Ages 13+),2024,August,2024-08,1,312.31666666666666,312.31666666666666,17.0
Instructor_42,INT. Choreography (Ages 13+),2024,February,2024-02,1,72.1875,72.1875,4.0
Instructor_42,INT. Choreography (Ages 13+),2024,January,2024-01,2,389.7166666666667,194.85833333333335,13.5
Instructor_42,INT. Choreography (Ages 13+),2024,July,2024-07,3,813.5166666666667,271.1722222222222,14.666666666666666
Instructor_42,INT. Choreography (Ages 13+),2024,June,2024-06,2,654.55,327.275,16.5
Instructor_42,INT. Choreography (Ages 13+),2024,March,2024-03,3,708.0333333333333,236.0111111111111,14.666666666666666
Instructor_42,INT. Choreography (Ages 13+),2024,May,2024-05,2,477.54999999999995,238.77499999999998,13.0
Instructor_42,INT. Choreography (Ages 13+),2024,October,2024-10,2,278.5333333333333,139.26666666666665,8.0
Instructor_42,INT. Choreography (Ages 13+),2024,September,2024-09,3,654.5833333333333,218.19444444444443,10.666666666666666
Instructor_42,INT. Choreography (Ages 13+),2025,January,2025-01,1,214.525,214.525,13.0
Instructor_42,Textures,2024,April,2024-04,3,220.0,73.33333333333333,3.0
Instructor_42,Textures,2024,February,2024-02,3,315.0,105.0,4.0
Instructor_42,Textures,2024,January,2024-01,1,100.0,100.0,4.0
Instructor_42,Textures,2024,March,2024-03,3,305.0,101.66666666666667,4.666666666666667
Instructor_42,Textures Trial,2024,January,2024-01,1,100.0,100.0,4.0
Instructor_42,Textures Trial,2024,March,2024-03,1,110.0,110.0,4.0
Instructor_42,Textures Trial,2024,May,2024-05,1,0.0,0.0,1.0
Instructor_43,ADV.  Choreography (Ages 13+),2024,August,2024-08,1,449.1666666666667,449.1666666666667,23.0
Instructor_43,ADV.  Choreography (Ages 13+),2025,January,2025-01,1,147.025,147.025,10.0
Instructor_43,BEG. Choreography (Ages 13+),2024,November,2024-11,1,166.25,166.25,7.0
Instructor_43,INT. Choreography (Ages 13+),2024,October,2024-10,1,238.85,238.85,14.0
Instructor_44,KPOP Dance Covers (ages 13+),2024,December,2024-12,1,422.8,422.8,25.0
Instructor_45,ADV.  Choreography (Ages 13+),2024,August,2024-08,1,379.71666666666664,379.71666666666664,20.0
Instructor_45,ADV.  Choreography (Ages 13+),2024,February,2024-02,1,132.22083333333333,132.22083333333333,7.0
Instructor_45,ADV.  Choreography (Ages 13+),2024,July,2024-07,2,884.1500000000001,442.07500000000005,23.5
Instructor_45,ADV.  Choreography (Ages 13+),2024,June,2024-06,2,520.2666666666667,260.1333333333333,15.5
Instructor_45,ADV.  Choreography (Ages 13+),2024,May,2024-05,1,354.35,354.35,19.0
Instructor_45,BEG. Choreography (Ages 13+),2024,April,2024-04,1,422.18333333333334,422.18333333333334,27.0
Instructor_45,BEG. Choreography (Ages 13+),2024,December,2024-12,2,535.8499999999999,267.92499999999995,14.0
Instructor_45,BEG. Choreography (Ages 13+),2024,November,2024-11,1,149.05,149.05,9.0
Instructor_45,BEG. Choreography (Ages 13+),2024,October,2024-10,1,292.8666666666667,292.8666666666667,17.0
Instructor_45,BEG. Choreography (Ages 13+),2024,September,2024-09,1,332.6666666666667,332.6666666666667,18.0
Instructor_45,BEG/INT Choreography (Ages 13+),2024,May,2024-05,1,387.12083333333334,387.12083333333334,20.0
Instructor_45,INT. Choreography (Ages 13+),2024,February,2024-02,1,461.65833333333336,461.65833333333336,24.0
Instructor_46,ADV.  Choreography (Ages 13+),2023,April,2023-04,1,55.0,55.0,5.0
Instructor_46,ADV.  Choreography (Ages 13+),2023,August,2023-08,1,302.8,302.8,18.0
Instructor_46,ADV.  Choreography (Ages 13+),2023,February,2023-02,1,69.25,69.25,6.0
Instructor_46,ADV.  Choreography (Ages 13+),2023,January,2023-01,3,388.5,129.5,9.0
Instructor_46,ADV.  Choreography (Ages 13+),2023,July,2023-07,3,435.3833333333333,145.12777777777777,10.333333333333334
Instructor_46,ADV.  Choreography (Ages 13+),2023,June,2023-06,2,207.26666666666665,103.63333333333333,6.5
Instructor_46,ADV.  Choreography (Ages 13+),2023,March,2023-03,1,38.5,38.5,5.0
Instructor_46,ADV.  Choreography (Ages 13+),2023,May,2023-05,1,74.25,74.25,9.0
Instructor_46,ADV.  Choreography (Ages 13+),2024,August,2024-08,2,384.15,192.075,9.0
Instructor_46,ADV.  Choreography (Ages 13+),2024,December,2024-12,2,127.0,63.5,4.0
Instructor_46,ADV.  Choreography (Ages 13+),2024,July,2024-07,2,264.3,132.15,6.5
Instructor_46,ADV.  Choreography (Ages 13+),2024,June,2024-06,2,203.4,101.7,5.0
Instructor_46,ADV.  Choreography (Ages 13+),2024,May,2024-05,1,306.8,306.8,15.0
Instructor_46,ADV.  Choreography (Ages 13+),2024,November,2024-11,1,25.0,25.0,1.0
Instructor_46,ADV.  Choreography (Ages 13+),2024,October,2024-10,2,60.400000000000006,30.200000000000003,2.5
Instructor_46,ADV.  Choreography (Ages 13+),2024,September,2024-09,2,265.6,132.8,7.5
Instructor_46,INT. Choreography (Ages 13+),2023,December,2023-12,1,214.4,214.4,13.0
Instructor_46,INT. Choreography (Ages 13+),2023,November,2023-11,1,178.16666666666666,178.16666666666666,14.0
Instructor_46,INT. Choreography (Ages 13+),2023,October,2023-10,2,235.83333333333331,117.91666666666666,9.0
Instructor_46,INT. Choreography (Ages 13+),2023,September,2023-09,1,242.3,242.3,14.0
Instructor_47,INT. Choreography (Ages 13+),2024,August,2024-08,2,917.65,458.825,22.5
Instructor_47,INT. Choreography (Ages 13+),2024,December,2024-12,1,97.29166666666666,97.29166666666666,6.0
Instructor_47,INT. Choreography (Ages 13+),2024,July,2024-07,2,501.15,250.575,13.0
Instructor_47,INT. Choreography (Ages 13+),2024,June,2024-06,2,768.3166666666666,384.1583333333333,18.5
Instructor_47,INT. Choreography (Ages 13+),2024,May,2024-05,1,298.3375,298.3375,15.0
Instructor_47,INT. Choreography (Ages 13+),2024,November,2024-11,2,342.76666666666665,171.38333333333333,10.5
Instructor_47,INT. Choreography (Ages 13+),2024,October,2024-10,1,267.9166666666667,267.9166666666667,15.0
Instructor_47,INT. Choreography (Ages 13+),2024,September,2024-09,1,319.5,319.5,15.0
Instructor_47,K-POP Performance Workshop,2023,April,2023-04,3,446.0,148.66666666666666,4.0
Instructor_47,K-POP Performance Workshop,2023,February,2023-02,4,766.0,191.5,5.75
Instructor_47,K-POP Performance Workshop,2023,January,2023-01,4,784.5,196.125,5.25
Instructor_47,K-POP Performance Workshop,2023,March,2023-03,5,882.0,176.4,4.6
Instructor_47,KPOP Dance Covers (ages 13+),2023,February,2023-02,1,1113.5,1113.5,50.0
Instructor_47,KPOP Original Choreo (ages 13+),2023,August,2023-08,1,410.1666666666667,410.1666666666667,22.0
Instructor_47,KPOP Original Choreo (ages 13+),2023,July,2023-07,1,523.0666666666666,523.0666666666666,29.0
Instructor_47,KPOP Original Choreo (ages 13+),2023,June,2023-06,1,332.5833333333333,332.5833333333333,17.0
Instructor_47,KPOP Original Choreo (ages 13+),2023,May,2023-05,1,435.5833333333333,435.5833333333333,22.0
Instructor_47,KPOP Original Choreo (ages 13+),2023,November,2023-11,1,227.9,227.9,11.0
Instructor_47,KPOP Original Choreo (ages 13+),2023,October,2023-10,1,256.4,256.4,14.0
Instructor_47,KPOP Original Choreo (ages 13+),2024,April,2024-04,1,270.65,270.65,13.0
Instructor_47,KPOP Original Choreo (ages 13+),2024,February,2024-02,1,268.2125,268.2125,16.0
Instructor_47,KPOP Original Choreo (ages 13+),2024,January,2024-01,1,208.15,208.15,11.0
Instructor_47,KPOP Original Choreo (ages 13+),2024,March,2024-03,1,373.875,373.875,17.0
Instructor_48,ADV.  Choreography (Ages 13+),2023,July,2023-07,1,177.03333333333333,177.03333333333333,12.0
Instructor_48,BEG. Choreography (Ages 13+),2023,August,2023-08,1,154.26666666666665,154.26666666666665,15.0
Instructor_48,BEG. Choreography (Ages 13+),2023,December,2023-12,2,269.4166666666667,134.70833333333334,12.5
Instructor_48,BEG. Choreography (Ages 13+),2023,January,2023-01,1,268.0,268.0,18.0
Instructor_48,BEG. Choreography (Ages 13+),2023,July,2023-07,2,240.15,120.075,15.0
Instructor_48,BEG. Choreography (Ages 13+),2023,June,2023-06,2,213.26666666666665,106.63333333333333,13.5
Instructor_48,BEG. Choreography (Ages 13+),2023,May,2023-05,3,310.4166666666667,103.47222222222223,6.666666666666667
Instructor_48,BEG. Choreography (Ages 13+),2023,November,2023-11,2,379.16666666666663,189.58333333333331,17.5
Instructor_48,BEG. Choreography (Ages 13+),2023,October,2023-10,1,323.4,323.4,16.0
Instructor_48,BEG. Choreography (Ages 13+),2023,September,2023-09,2,443.51666666666665,221.75833333333333,13.5
Instructor_48,BEG. Choreography (Ages 13+),2024,April,2024-04,1,174.5,174.5,19.0
Instructor_48,BEG. Choreography (Ages 13+),2024,February,2024-02,1,111.25,111.25,9.0
Instructor_48,BEG. Choreography (Ages 13+),2024,January,2024-01,2,432.51666666666665,216.25833333333333,21.5
Instructor_48,BEG. Choreography (Ages 13+),2024,March,2024-03,2,303.01666666666665,151.50833333333333,16.0
Instructor_48,INT. Choreography (Ages 13+),2023,December,2023-12,1,53.75,53.75,7.0
Instructor_48,INT. Choreography (Ages 13+),2023,June,2023-06,1,362.0833333333333,362.0833333333333,23.0
Instructor_48,INT. Choreography (Ages 13+),2023,November,2023-11,1,145.53333333333333,145.53333333333333,14.0
Instructor_48,INT. Choreography (Ages 13+),2023,October,2023-10,2,226.81666666666666,113.40833333333333,10.0
Instructor_48,INT. Choreography (Ages 13+),2023,September,2023-09,1,135.51666666666665,135.51666666666665,10.0
Instructor_48,INT. Choreography (Ages 13+),2024,August,2024-08,2,646.5208333333333,323.26041666666663,18.0
Instructor_48,INT. Choreography (Ages 13+),2024,December,2024-12,1,187.34166666666667,187.34166666666667,11.0
Instructor_48,INT. Choreography (Ages 13+),2024,July,2024-07,2,733.8916666666667,366.9458333333333,20.5
Instructor_48,INT. Choreography (Ages 13+),2024,June,2024-06,1,331.01666666666665,331.01666666666665,18.0
Instructor_48,INT. Choreography (Ages 13+),2024,May,2024-05,3,821.85,273.95,14.666666666666666
Instructor_48,INT. Choreography (Ages 13+),2024,November,2024-11,1,258.3666666666667,258.3666666666667,13.0
Instructor_48,INT. Choreography (Ages 13+),2024,October,2024-10,3,637.7,212.5666666666667,11.333333333333334
Instructor_48,INT. Choreography (Ages 13+),2024,September,2024-09,1,315.81666666666666,315.81666666666666,16.0
Instructor_49,ADV.  Choreography (Ages 13+),2024,December,2024-12,1,288.55,288.55,18.0
Instructor_49,ADV.  Choreography (Ages 13+),2024,January,2024-01,1,588.5333333333333,588.5333333333333,31.0
Instructor_49,ADV.  Choreography (Ages 13+),2024,November,2024-11,1,240.1,240.1,18.0
Instructor_49,ADV.  Choreography (Ages 13+),2024,October,2024-10,1,334.4,334.4,17.0
Instructor_49,ADV.  Choreography (Ages 13+),2024,September,2024-09,2,1083.5333333333333,541.7666666666667,28.5
Instructor_49,PW w/ Jpham,2024,August,2024-08,3,315.0,105.0,3.3333333333333335
Instructor_49,PW w/ Jpham,2024,July,2024-07,4,450.0,112.5,4.0
Instructor_5,HOUSE (ages 13+),2023,April,2023-04,3,467.0,155.66666666666666,7.0
Instructor_5,HOUSE (ages 13+),2023,December,2023-12,1,389.96666666666664,389.96666666666664,18.0
Instructor_5,HOUSE (ages 13+),2023,February,2023-02,2,319.5,159.75,7.0
Instructor_5,HOUSE (ages 13+),2023,January,2023-01,4,1115.5,278.875,13.25
Instructor_5,HOUSE (ages 13+),2023,March,2023-03,3,539.0,179.66666666666666,8.0
Instructor_5,HOUSE (ages 13+),2023,November,2023-11,2,728.9333333333334,364.4666666666667,18.5
Instructor_5,HOUSE (ages 13+),2023,October,2023-10,2,833.9333333333333,416.96666666666664,22.0
Instructor_5,HOUSE (ages 13+),2023,September,2023-09,1,256.2833333333333,256.2833333333333,13.0
Instructor_5,HOUSE (ages 13+),2024,April,2024-04,2,404.20000000000005,202.10000000000002,9.5
Instructor_5,HOUSE (ages 13+),2024,August,2024-08,2,630.5833333333334,315.2916666666667,15.0
Instructor_5,HOUSE (ages 13+),2024,December,2024-12,1,250.65,250.65,12.0
Instructor_5,HOUSE (ages 13+),2024,February,2024-02,2,598.5833333333334,299.2916666666667,15.0
Instructor_5,HOUSE (ages 13+),2024,July,2024-07,1,265.56666666666666,265.56666666666666,13.0
Instructor_5,HOUSE (ages 13+),2024,June,2024-06,2,537.3166666666666,268.6583333333333,13.0
Instructor_5,HOUSE (ages 13+),2024,March,2024-03,2,626.6416666666667,313.3208333333333,15.0
Instructor_5,HOUSE (ages 13+),2024,May,2024-05,1,245.5,245.5,11.0
Instructor_5,HOUSE (ages 13+),2024,November,2024-11,2,462.95000000000005,231.47500000000002,11.0
Instructor_5,HOUSE (ages 13+),2024,October,2024-10,2,548.4,274.2,12.5
Instructor_5,HOUSE (ages 13+),2024,September,2024-09,2,597.85,298.925,15.0
Instructor_5,HOUSE (ages 13+),2025,February,2025-02,2,440.54999999999995,220.27499999999998,11.0
Instructor_5,HOUSE (ages 13+),2025,January,2025-01,1,176.375,176.375,10.0
Instructor_5,HOUSE (ages 13+),2025,March,2025-03,1,221.40833333333333,221.40833333333333,17.0
Instructor_5,House Trial,2024,January,2024-01,1,60.0,60.0,5.0
Instructor_5,Pop Up House Workshop (13+),2024,March,2024-03,1,427.8375,427.8375,19.0
Instructor_50,Body Isolations Trial,2024,January,2024-01,1,30.0,30.0,2.0
Instructor_50,POPPING (13+),2023,October,2023-10,1,88.9,88.9,7.0
Instructor_50,POPPING (13+),2024,December,2024-12,1,84.0,84.0,4.0
Instructor_50,POPPING (13+),2024,November,2024-11,2,58.0,29.0,1.5
Instructor_50,POPPING (13+),2024,October,2024-10,2,97.0,48.5,2.5
Instructor_50,POPPING (13+),2024,September,2024-09,2,126.8,63.4,3.0
Instructor_50,Performance WS w/ Switchvilla,2023,July,2023-07,1,35.0,35.0,2.0
Instructor_50,Performance WS w/ Switchvilla,2023,June,2023-06,3,245.0,81.66666666666667,2.3333333333333335
Instructor_50,Popping,2023,April,2023-04,3,759.0,253.0,6.666666666666667
Instructor_50,Popping,2023,August,2023-08,1,201.0,201.0,6.0
Instructor_50,Popping,2023,February,2023-02,4,768.0,192.0,6.0
Instructor_50,Popping,2023,January,2023-01,4,882.0,220.5,6.5
Instructor_50,Popping,2023,March,2023-03,4,935.0,233.75,7.0
Instructor_50,Popping,2023,October,2023-10,3,604.0,201.33333333333334,5.0
Instructor_50,Popping,2023,September,2023-09,4,965.0,241.25,6.25
Instructor_50,Popping,2024,April,2024-04,3,154.98,51.66,1.3333333333333333
Instructor_50,Popping,2024,March,2024-03,3,55.0,18.333333333333332,2.0
Instructor_50,Popping Level 2,2023,April,2023-04,3,366.0,122.0,3.0
Instructor_50,Popping Level 2,2023,February,2023-02,1,86.0,86.0,3.0
Instructor_50,Popping Level 2,2023,March,2023-03,4,452.0,113.0,3.0
Instructor_50,Popping Trial,2024,January,2024-01,1,0.0,0.0,2.0
Instructor_51,ADV.  Choreography (Ages 13+),2023,April,2023-04,1,361.0,361.0,19.0
Instructor_51,ADV.  Choreography (Ages 13+),2023,February,2023-02,2,324.25,162.125,10.5
Instructor_51,ADV.  Choreography (Ages 13+),2023,January,2023-01,2,713.25,356.625,20.0
Instructor_51,ADV.  Choreography (Ages 13+),2023,July,2023-07,1,221.66666666666666,221.66666666666666,15.0
Instructor_51,ADV.  Choreography (Ages 13+),2023,March,2023-03,2,550.0,275.0,16.5
Instructor_51,ADV.  Choreography (Ages 13+),2023,May,2023-05,2,513.2666666666667,256.6333333333333,16.0
Instructor_51,ADV.  Choreography (Ages 13+),2024,November,2024-11,1,244.7,244.7,12.0
Instructor_51,ADV.  Choreography (Ages 13+),2024,October,2024-10,1,279.05,279.05,19.0
Instructor_51,Hip Hop 1A (9 - 13),2023,February,2023-02,1,129.60000000000002,129.60000000000002,7.0
Instructor_51,INT. Choreography (Ages 13+),2023,February,2023-02,1,442.5,442.5,25.0
Instructor_51,INT. Choreography (Ages 13+),2023,October,2023-10,2,324.8333333333333,162.41666666666666,15.0
Instructor_51,INT. Choreography (Ages 13+),2023,September,2023-09,1,187.26666666666665,187.26666666666665,13.0
Instructor_51,INT. Choreography (Ages 13+),2024,August,2024-08,1,563.4666666666667,563.4666666666667,28.0
Instructor_51,Performance WS w/ Erika Tyrell,2023,July,2023-07,3,1190.0,396.6666666666667,12.333333333333334
Instructor_51,Performance WS w/ Erika Tyrell,2023,June,2023-06,4,735.0,183.75,6.5
Instructor_52,ADV.  Choreography (Ages 13+),2023,December,2023-12,1,285.4166666666667,285.4166666666667,17.0
Instructor_52,ADV.  Choreography (Ages 13+),2023,February,2023-02,1,155.0,155.0,8.0
Instructor_52,ADV.  Choreography (Ages 13+),2023,November,2023-11,1,382.73333333333335,382.73333333333335,26.0
Instructor_52,ADV.  Choreography (Ages 13+),2023,October,2023-10,1,86.73333333333333,86.73333333333333,7.0
Instructor_52,ADV.  Choreography (Ages 13+),2023,September,2023-09,1,209.46666666666667,209.46666666666667,19.0
Instructor_52,ADV.  Choreography (Ages 13+),2024,April,2024-04,1,352.4,352.4,19.0
Instructor_52,ADV.  Choreography (Ages 13+),2024,November,2024-11,1,42.0,42.0,3.0
Instructor_52,ADV.  Choreography (Ages 13+),2024,October,2024-10,2,165.0,82.5,4.0
Instructor_52,ADV.  Choreography (Ages 13+),2024,September,2024-09,2,190.3,95.15,5.0
Instructor_52,BEG. Choreography (Ages 13+),2023,August,2023-08,2,831.3999999999999,415.69999999999993,23.0
Instructor_52,BEG. Choreography (Ages 13+),2023,December,2023-12,2,607.0333333333333,303.51666666666665,16.5
Instructor_52,BEG. Choreography (Ages 13+),2023,July,2023-07,3,1535.65,511.8833333333334,29.0
Instructor_52,BEG. Choreography (Ages 13+),2023,June,2023-06,2,695.2666666666667,347.6333333333333,21.0
Instructor_52,BEG. Choreography (Ages 13+),2023,March,2023-03,1,451.25,451.25,22.0
Instructor_52,BEG. Choreography (Ages 13+),2023,May,2023-05,3,762.5166666666667,254.17222222222222,16.666666666666668
Instructor_52,BEG. Choreography (Ages 13+),2023,October,2023-10,2,888.6166666666666,444.3083333333333,23.5
Instructor_52,BEG. Choreography (Ages 13+),2023,September,2023-09,2,802.0999999999999,401.04999999999995,22.5
Instructor_52,BEG. Choreography (Ages 13+),2024,August,2024-08,2,912.7708333333333,456.38541666666663,22.5
Instructor_52,BEG. Choreography (Ages 13+),2024,July,2024-07,2,774.7833333333333,387.39166666666665,19.5
Instructor_52,BEG. Choreography (Ages 13+),2024,June,2024-06,1,431.95,431.95,21.0
Instructor_52,BEG. Choreography (Ages 13+),2024,May,2024-05,2,680.9916666666667,340.49583333333334,17.0
Instructor_52,Body Awareness,2024,April,2024-04,2,430.0,215.0,7.0
Instructor_52,Body Awareness,2024,February,2024-02,4,1195.0,298.75,9.25
Instructor_52,Body Awareness,2024,January,2024-01,2,715.0,357.5,11.5
Instructor_52,Body Awareness,2024,March,2024-03,3,680.0,226.66666666666666,8.333333333333334
Instructor_52,Body Awareness Trial,2024,January,2024-01,1,30.0,30.0,10.0
Instructor_52,Body Awareness Trial,2024,March,2024-03,1,90.0,90.0,6.0
Instructor_52,Body Awareness Trial,2024,May,2024-05,1,0.0,0.0,2.0
Instructor_52,INT. Choreography (Ages 13+),2023,May,2023-05,1,275.51666666666665,275.51666666666665,15.0
Instructor_52,INT. Choreography (Ages 13+),2023,October,2023-10,1,207.45,207.45,14.0
Instructor_52,INT. Choreography (Ages 13+),2023,September,2023-09,1,159.93333333333334,159.93333333333334,11.0
Instructor_52,INT. Choreography (Ages 13+),2024,April,2024-04,2,654.9708333333333,327.48541666666665,18.0
Instructor_52,INT. Choreography (Ages 13+),2024,February,2024-02,2,572.3166666666666,286.1583333333333,18.0
Instructor_52,INT. Choreography (Ages 13+),2024,January,2024-01,2,532.7833333333333,266.39166666666665,16.5
Instructor_52,INT. Choreography (Ages 13+),2024,March,2024-03,2,628.65,314.325,17.5
Instructor_52,KPOP Dance Covers (ages 13+),2024,April,2024-04,1,854.1291666666666,854.1291666666666,43.0
Instructor_53,ADV.  Choreography (Ages 13+),2023,April,2023-04,1,190.5,190.5,18.0
Instructor_53,ADV.  Choreography (Ages 13+),2023,August,2023-08,2,489.6333333333333,244.81666666666666,15.5
Instructor_53,ADV.  Choreography (Ages 13+),2023,December,2023-12,2,246.63333333333333,123.31666666666666,9.0
Instructor_53,ADV.  Choreography (Ages 13+),2023,July,2023-07,3,1102.6166666666668,367.53888888888895,21.666666666666668
Instructor_53,ADV.  Choreography (Ages 13+),2023,June,2023-06,3,724.5833333333333,241.52777777777774,16.0
Instructor_53,ADV.  Choreography (Ages 13+),2023,May,2023-05,5,883.9833333333333,176.79666666666668,15.8
Instructor_53,ADV.  Choreography (Ages 13+),2023,November,2023-11,4,532.15,133.0375,10.0
Instructor_53,ADV.  Choreography (Ages 13+),2023,October,2023-10,3,806.8833333333333,268.9611111111111,16.333333333333332
Instructor_53,ADV.  Choreography (Ages 13+),2023,September,2023-09,3,470.41666666666663,156.80555555555554,11.333333333333334
Instructor_53,ADV.  Choreography (Ages 13+),2024,April,2024-04,3,572.6,190.86666666666667,10.0
Instructor_53,ADV.  Choreography (Ages 13+),2024,August,2024-08,3,583.4666666666667,194.4888888888889,10.0
Instructor_53,ADV.  Choreography (Ages 13+),2024,February,2024-02,1,267.4708333333333,267.4708333333333,15.0
Instructor_53,ADV.  Choreography (Ages 13+),2024,January,2024-01,2,318.1333333333333,159.06666666666666,10.5
Instructor_53,ADV.  Choreography (Ages 13+),2024,July,2024-07,3,792.7,264.23333333333335,14.0
Instructor_53,ADV.  Choreography (Ages 13+),2024,June,2024-06,3,762.3875,254.1291666666667,14.0
Instructor_53,ADV.  Choreography (Ages 13+),2024,March,2024-03,3,550.3166666666666,183.43888888888887,10.666666666666666
Instructor_53,ADV.  Choreography (Ages 13+),2024,May,2024-05,2,262.00416666666666,131.00208333333333,8.0
Instructor_53,ADV.  Choreography (Ages 13+),2024,November,2024-11,1,36.9,36.9,3.0
Instructor_53,ADV.  Choreography (Ages 13+),2024,October,2024-10,2,151.60000000000002,75.80000000000001,4.0
Instructor_53,ADV.  Choreography (Ages 13+),2024,September,2024-09,2,191.0,95.5,5.5
Instructor_53,INT. Choreography (Ages 13+),2023,April,2023-04,3,554.0,184.66666666666666,11.666666666666666
Instructor_53,INT. Choreography (Ages 13+),2023,February,2023-02,2,221.25,110.625,8.0
Instructor_53,INT. Choreography (Ages 13+),2023,January,2023-01,2,278.5,139.25,11.0
Instructor_53,INT. Choreography (Ages 13+),2023,March,2023-03,3,574.0,191.33333333333334,13.0
Instructor_53,INT. Choreography (Ages 13+),2023,September,2023-09,1,169.66666666666666,169.66666666666666,11.0
Instructor_53,INT. Choreography (Ages 13+),2024,August,2024-08,1,152.5,152.5,8.0
Instructor_53,KPOP Dance Covers (ages 13+),2023,August,2023-08,1,437.68333333333334,437.68333333333334,22.0
Instructor_53,KPOP Original Choreo (ages 13+),2023,June,2023-06,1,448.96666666666664,448.96666666666664,23.0
Instructor_53,KPOP Original Choreo (ages 13+),2023,May,2023-05,1,227.53333333333333,227.53333333333333,13.0
Instructor_53,KPOP Original Choreo (ages 13+),2023,November,2023-11,1,138.51666666666665,138.51666666666665,9.0
Instructor_53,KPOP Original Choreo (ages 13+),2023,September,2023-09,1,275.5333333333333,275.5333333333333,14.0
Instructor_54,ADV.  Choreography (Ages 13+),2023,December,2023-12,2,675.2,337.6,20.5
Instructor_54,ADV.  Choreography (Ages 13+),2023,July,2023-07,1,195.2,195.2,12.0
Instructor_54,ADV.  Choreography (Ages 13+),2023,November,2023-11,1,332.65,332.65,21.0
Instructor_54,ADV.  Choreography (Ages 13+),2023,October,2023-10,3,689.0833333333334,229.69444444444446,17.0
Instructor_54,ADV.  Choreography (Ages 13+),2023,September,2023-09,2,709.2166666666667,354.60833333333335,24.0
Instructor_54,ADV.  Choreography (Ages 13+),2024,April,2024-04,1,242.75,242.75,14.0
Instructor_54,ADV.  Choreography (Ages 13+),2024,February,2024-02,1,331.71666666666664,331.71666666666664,19.0
Instructor_54,ADV.  Choreography (Ages 13+),2024,January,2024-01,2,584.4833333333333,292.2416666666667,16.0
Instructor_54,ADV.  Choreography (Ages 13+),2024,June,2024-06,1,377.1333333333333,377.1333333333333,20.0
Instructor_54,ADV.  Choreography (Ages 13+),2024,March,2024-03,1,245.2375,245.2375,14.0
Instructor_54,ADV.  Choreography (Ages 13+),2024,May,2024-05,1,358.25,358.25,20.0
Instructor_54,ADV.  Choreography (Ages 13+),2024,November,2024-11,1,103.85,103.85,6.0
Instructor_54,BEG. Choreography (Ages 13+),2023,June,2023-06,1,126.51666666666667,126.51666666666667,12.0
Instructor_54,INT. Choreography (Ages 13+),2023,April,2023-04,1,428.5,428.5,26.0
Instructor_54,INT. Choreography (Ages 13+),2023,August,2023-08,1,429.56666666666666,429.56666666666666,27.0
Instructor_54,INT. Choreography (Ages 13+),2023,February,2023-02,2,466.25,233.125,15.0
Instructor_54,INT. Choreography (Ages 13+),2023,January,2023-01,3,1122.5,374.1666666666667,22.666666666666668
Instructor_54,INT. Choreography (Ages 13+),2023,July,2023-07,2,1211.2333333333333,605.6166666666667,35.5
Instructor_54,INT. Choreography (Ages 13+),2023,June,2023-06,2,1086.2666666666667,543.1333333333333,33.0
Instructor_54,INT. Choreography (Ages 13+),2023,March,2023-03,2,653.25,326.625,19.0
Instructor_54,INT. Choreography (Ages 13+),2023,May,2023-05,3,1136.3333333333333,378.77777777777777,23.666666666666668
Instructor_54,INT. Choreography (Ages 13+),2023,October,2023-10,1,229.86666666666667,229.86666666666667,17.0
Instructor_54,INT. Choreography (Ages 13+),2023,September,2023-09,1,235.66666666666666,235.66666666666666,17.0
Instructor_54,INT. Choreography (Ages 13+),2024,August,2024-08,2,671.95,335.975,17.5
Instructor_54,INT. Choreography (Ages 13+),2024,June,2024-06,1,308.45,308.45,16.0
Instructor_54,INT. Choreography (Ages 13+),2024,May,2024-05,1,265.56666666666666,265.56666666666666,14.0
Instructor_55,CAMPBELLOCK (Ages 13+),2024,October,2024-10,1,75.0,75.0,3.0
Instructor_56,ADV.  Choreography (Ages 13+),2024,April,2024-04,1,584.2375,584.2375,31.0
Instructor_56,ADV.  Choreography (Ages 13+),2024,August,2024-08,1,383.31666666666666,383.31666666666666,21.0
Instructor_56,ADV.  Choreography (Ages 13+),2024,January,2024-01,2,963.3,481.65,25.5
Instructor_56,ADV.  Choreography (Ages 13+),2024,July,2024-07,2,1131.5,565.75,29.0
Instructor_56,ADV.  Choreography (Ages 13+),2024,June,2024-06,1,395.26666666666665,395.26666666666665,21.0
Instructor_56,ADV.  Choreography (Ages 13+),2024,March,2024-03,2,928.5625,464.28125,23.5
Instructor_56,ADV.  Choreography (Ages 13+),2024,May,2024-05,2,946.2708333333334,473.1354166666667,24.5
Instructor_56,ADV.  Choreography (Ages 13+),2024,October,2024-10,1,628.4,628.4,33.0
Instructor_56,ADV.  Choreography (Ages 13+),2024,September,2024-09,1,288.1,288.1,15.0
Instructor_57,YOGA (ages 13+),2024,October,2024-10,1,17.0,17.0,1.0
Instructor_58,BEG/INT Pop Up Workshop (Ages 13+),2024,January,2024-01,1,200.0,200.0,8.0
Instructor_58,WAVING FUNDAMENTALS (13+),2024,October,2024-10,1,25.0,25.0,1.0
Instructor_59,ADV.  Choreography (Ages 13+),2024,October,2024-10,1,300.1666666666667,300.1666666666667,15.0
Instructor_6,BEG. Choreography (Ages 13+),2025,February,2025-02,1,499.0,499.0,29.0
Instructor_6,BEG. Choreography (Ages 13+),2025,January,2025-01,1,330.025,330.025,22.0
Instructor_6,BEG. Choreography (Ages 13+),2025,March,2025-03,1,158.025,158.025,12.0
Instructor_6,INT. Choreography (Ages 13+),2024,June,2024-06,1,415.06666666666666,415.06666666666666,20.0
Instructor_6,INT. Choreography (Ages 13+),2024,November,2024-11,1,143.3,143.3,7.0
Instructor_60,CAMPBELLOCK (Ages 13+),2024,September,2024-09,1,136.9,136.9,6.0
Instructor_60,WAACKING (ages 13+),2024,September,2024-09,1,166.25,166.25,7.0
Instructor_61,BEG. Choreography (Ages 13+),2024,August,2024-08,1,466.6,466.6,25.0
Instructor_62,ADV.  Choreography (Ages 13+),2024,August,2024-08,1,1391.75,1391.75,63.0
Instructor_62,OOS Intensive: Jaylen Pea,2025,January,2025-01,3,2542.0,847.3333333333334,15.666666666666666
Instructor_62,OOS Intensive: Jaylen Pea (class only),2025,January,2025-01,1,325.0,325.0,13.0
Instructor_63,INT. Choreography (Ages 13+),2024,August,2024-08,1,376.8666666666667,376.8666666666667,19.0
Instructor_64,BEG. Choreography (Ages 13+),2023,April,2023-04,1,592.25,592.25,31.0
Instructor_64,BEG. Choreography (Ages 13+),2023,February,2023-02,2,738.75,369.375,20.5
Instructor_64,BEG. Choreography (Ages 13+),2023,January,2023-01,2,698.25,349.125,23.0
Instructor_64,BEG. Choreography (Ages 13+),2023,March,2023-03,2,730.25,365.125,20.5
Instructor_64,BEG. Choreography (Ages 13+),2024,August,2024-08,1,415.6375,415.6375,24.0
Instructor_65,INT. Choreography (Ages 13+),2023,April,2023-04,2,820.0,410.0,23.5
Instructor_65,INT. Choreography (Ages 13+),2023,August,2023-08,1,390.6333333333333,390.6333333333333,24.0
Instructor_65,INT. Choreography (Ages 13+),2023,February,2023-02,1,244.75,244.75,15.0
Instructor_65,INT. Choreography (Ages 13+),2023,January,2023-01,2,385.75,192.875,12.0
Instructor_65,INT. Choreography (Ages 13+),2023,July,2023-07,1,442.95,442.95,26.0
Instructor_65,INT. Choreography (Ages 13+),2023,June,2023-06,1,396.3333333333333,396.3333333333333,22.0
Instructor_65,INT. Choreography (Ages 13+),2023,March,2023-03,2,653.75,326.875,19.5
Instructor_65,INT. Choreography (Ages 13+),2023,May,2023-05,2,489.1,244.55,18.5
Instructor_65,INT. Choreography (Ages 13+),2024,August,2024-08,2,845.0,422.5,21.0
Instructor_65,INT. Choreography (Ages 13+),2024,February,2024-02,1,265.4583333333333,265.4583333333333,16.0
Instructor_65,INT. Choreography (Ages 13+),2024,January,2024-01,2,368.6,184.3,15.5
Instructor_65,INT. Choreography (Ages 13+),2024,July,2024-07,1,110.3,110.3,7.0
Instructor_65,INT. Choreography (Ages 13+),2024,June,2024-06,2,735.5166666666667,367.7583333333333,20.5
Instructor_65,INT. Choreography (Ages 13+),2024,March,2024-03,2,519.225,259.6125,13.5
Instructor_65,INT. Choreography (Ages 13+),2024,May,2024-05,1,260.9166666666667,260.9166666666667,13.0
Instructor_66,ADV.  Choreography (Ages 13+),2023,August,2023-08,2,794.55,397.275,23.5
Instructor_66,ADV.  Choreography (Ages 13+),2023,July,2023-07,2,756.5333333333333,378.26666666666665,24.5
Instructor_66,ADV.  Choreography (Ages 13+),2023,June,2023-06,1,457.98333333333335,457.98333333333335,28.0
Instructor_66,ADV.  Choreography (Ages 13+),2023,May,2023-05,2,1079.5833333333333,539.7916666666666,31.5
Instructor_66,ADV.  Choreography (Ages 13+),2024,April,2024-04,1,251.23333333333332,251.23333333333332,13.0
Instructor_66,ADV.  Choreography (Ages 13+),2024,February,2024-02,2,672.1416666666667,336.0708333333333,19.0
Instructor_66,ADV.  Choreography (Ages 13+),2024,January,2024-01,2,630.15,315.075,18.5
Instructor_66,ADV.  Choreography (Ages 13+),2024,March,2024-03,2,809.425,404.7125,22.5
Instructor_66,INT. Choreography (Ages 13+),2023,April,2023-04,1,396.5,396.5,22.0
Instructor_66,INT. Choreography (Ages 13+),2023,February,2023-02,2,537.0,268.5,16.5
Instructor_66,INT. Choreography (Ages 13+),2023,January,2023-01,2,459.5,229.75,13.5
Instructor_66,INT. Choreography (Ages 13+),2023,March,2023-03,3,928.75,309.5833333333333,18.666666666666668
Instructor_66,INT. Choreography (Ages 13+),2024,August,2024-08,1,462.25,462.25,24.0
Instructor_66,INT. Choreography (Ages 13+),2024,July,2024-07,3,1556.8541666666667,518.9513888888889,29.333333333333332
Instructor_66,INT. Choreography (Ages 13+),2024,June,2024-06,2,1002.3833333333333,501.19166666666666,28.5
Instructor_66,INT. Choreography (Ages 13+),2024,May,2024-05,2,732.9041666666667,366.45208333333335,19.5
Instructor_67,BEG. Choreography (Ages 13+),2024,June,2024-06,1,256.05,256.05,14.0
Instructor_67,Hip Hop 1A (5 - 7),2023,November,2023-11,1,43.2,43.2,2.0
Instructor_67,Hip Hop 1A (9 - 13),2023,November,2023-11,1,43.2,43.2,2.0
Instructor_67,Hip Hop 1B (6 - 8),2023,October,2023-10,3,156.6,52.199999999999996,2.6666666666666665
Instructor_67,Hip Hop 2B (9 - 13),2023,October,2023-10,1,32.4,32.4,3.0
Instructor_67,INT. Choreography (Ages 13+),2024,July,2024-07,1,309.6666666666667,309.6666666666667,16.0
Instructor_67,INT. Choreography (Ages 13+),2024,June,2024-06,2,786.9666666666667,393.48333333333335,19.5
Instructor_67,INT. Choreography (Ages 13+),2024,May,2024-05,1,319.45416666666665,319.45416666666665,15.0
Instructor_67,KPOP Dance Covers (ages 13+),2023,August,2023-08,1,1131.95,1131.95,52.0
Instructor_67,KPOP Original Choreo (ages 13+),2023,December,2023-12,1,275.31666666666666,275.31666666666666,16.0
Instructor_67,KPOP Original Choreo (ages 13+),2023,July,2023-07,2,905.8666666666666,452.9333333333333,22.0
Instructor_67,KPOP Original Choreo (ages 13+),2023,June,2023-06,1,307.8333333333333,307.8333333333333,15.0
Instructor_67,KPOP Original Choreo (ages 13+),2023,October,2023-10,2,585.3666666666667,292.68333333333334,15.5
Instructor_67,KPOP Original Choreo (ages 13+),2023,September,2023-09,2,819.1166666666667,409.55833333333334,19.5
Instructor_67,KPOP Original Choreo (ages 13+),2024,April,2024-04,2,401.45000000000005,200.72500000000002,10.5
Instructor_67,KPOP Original Choreo (ages 13+),2024,February,2024-02,1,285.43333333333334,285.43333333333334,14.0
Instructor_67,KPOP Original Choreo (ages 13+),2024,January,2024-01,1,391.0333333333333,391.0333333333333,18.0
Instructor_67,KPOP Original Choreo (ages 13+),2024,March,2024-03,2,687.5375,343.76875,17.0
Instructor_67,On One Kpop: Lights On - Dance On Event,2024,January,2024-01,1,2035.0,2035.0,83.0
Instructor_68,INT. Choreography (Ages 13+),2024,May,2024-05,1,538.1333333333333,538.1333333333333,29.0
Instructor_69,ADV.  Choreography (Ages 13+),2024,May,2024-05,1,239.43333333333334,239.43333333333334,14.0
Instructor_69,Open Session (Ages 13+),2023,December,2023-12,1,76.5,76.5,14.0
Instructor_7,ADV.  Choreography (Ages 13+),2023,May,2023-05,1,523.8,523.8,29.0
Instructor_7,ADV.  Choreography (Ages 13+),2024,December,2024-12,1,230.16666666666666,230.16666666666666,16.0
Instructor_7,BEG. Choreography (Ages 13+),2023,April,2023-04,1,502.0,502.0,29.0
Instructor_7,BEG. Choreography (Ages 13+),2023,February,2023-02,2,1447.25,723.625,37.0
Instructor_7,BEG. Choreography (Ages 13+),2023,January,2023-01,1,282.5,282.5,16.0
Instructor_7,BEG. Choreography (Ages 13+),2023,June,2023-06,1,454.6666666666667,454.6666666666667,26.0
Instructor_7,BEG. Choreography (Ages 13+),2023,March,2023-03,1,369.5,369.5,22.0
Instructor_7,BEG. Choreography (Ages 13+),2024,February,2024-02,1,267.2916666666667,267.2916666666667,21.0
Instructor_7,Dance Improv & Freestyle,2023,February,2023-02,3,586.5,195.5,6.0
Instructor_7,Dance Improv & Freestyle,2023,January,2023-01,5,1296.0,259.2,6.4
Instructor_7,Hip Hop 1A (9 - 13),2023,April,2023-04,1,129.60000000000002,129.60000000000002,6.0
Instructor_7,Hip Hop 1A (9 - 13),2023,August,2023-08,2,86.4,43.2,4.0
Instructor_7,Hip Hop 1A (9 - 13),2023,February,2023-02,3,280.80000000000007,93.60000000000002,4.666666666666667
Instructor_7,Hip Hop 1A (9 - 13),2023,January,2023-01,3,229.8,76.60000000000001,4.666666666666667
Instructor_7,Hip Hop 1A (9 - 13),2023,July,2023-07,1,43.2,43.2,4.0
Instructor_7,Hip Hop 1A (9 - 13),2023,June,2023-06,1,36.72,36.72,5.0
Instructor_7,Hip Hop 1A (9 - 13),2023,March,2023-03,4,518.4000000000001,129.60000000000002,6.0
Instructor_7,Hip Hop 1A (9 - 13),2023,May,2023-05,4,170.64000000000001,42.660000000000004,3.5
Instructor_7,INT. Choreography (Ages 13+),2023,August,2023-08,3,1920.6333333333334,640.2111111111111,34.333333333333336
Instructor_7,INT. Choreography (Ages 13+),2023,December,2023-12,2,931.1500000000001,465.57500000000005,27.5
Instructor_7,INT. Choreography (Ages 13+),2023,July,2023-07,1,558.2333333333333,558.2333333333333,31.0
Instructor_7,INT. Choreography (Ages 13+),2023,June,2023-06,2,1115.4333333333334,557.7166666666667,31.5
Instructor_7,INT. Choreography (Ages 13+),2023,May,2023-05,2,1281.3333333333335,640.6666666666667,37.0
Instructor_7,INT. Choreography (Ages 13+),2023,November,2023-11,2,1025.7833333333333,512.8916666666667,30.5
Instructor_7,INT. Choreography (Ages 13+),2023,October,2023-10,1,535.1166666666667,535.1166666666667,32.0
Instructor_7,INT. Choreography (Ages 13+),2023,September,2023-09,1,590.75,590.75,30.0
Instructor_7,INT. Choreography (Ages 13+),2024,August,2024-08,1,382.90416666666664,382.90416666666664,20.0
Instructor_7,INT. Choreography (Ages 13+),2024,December,2024-12,2,477.8666666666667,238.93333333333334,13.5
Instructor_7,INT. Choreography (Ages 13+),2025,February,2025-02,1,523.7666666666667,523.7666666666667,34.0
Instructor_7,INT. Choreography (Ages 13+),2025,January,2025-01,2,904.2750000000001,452.13750000000005,27.5
Instructor_7,INT. Choreography (Ages 13+),2025,March,2025-03,3,1214.5583333333334,404.8527777777778,25.333333333333332
Instructor_7,KPOP Dance Covers (ages 13+),2023,April,2023-04,2,2201.75,1100.875,51.0
Instructor_7,KPOP Dance Covers (ages 13+),2023,August,2023-08,1,1226.8666666666666,1226.8666666666666,57.0
Instructor_7,KPOP Dance Covers (ages 13+),2023,December,2023-12,2,2223.366666666667,1111.6833333333334,51.5
Instructor_7,KPOP Dance Covers (ages 13+),2023,February,2023-02,2,2240.25,1120.125,51.5
Instructor_7,KPOP Dance Covers (ages 13+),2023,January,2023-01,2,1858.0,929.0,45.0
Instructor_7,KPOP Dance Covers (ages 13+),2023,July,2023-07,2,2539.866666666667,1269.9333333333334,61.0
Instructor_7,KPOP Dance Covers (ages 13+),2023,June,2023-06,3,2779.3166666666666,926.4388888888889,44.0
Instructor_7,KPOP Dance Covers (ages 13+),2023,May,2023-05,2,1709.5666666666666,854.7833333333333,39.0
Instructor_7,KPOP Dance Covers (ages 13+),2023,November,2023-11,2,1599.9499999999998,799.9749999999999,37.5
Instructor_7,KPOP Dance Covers (ages 13+),2023,October,2023-10,2,2076.4166666666665,1038.2083333333333,49.0
Instructor_7,KPOP Dance Covers (ages 13+),2023,September,2023-09,2,1796.7333333333333,898.3666666666667,41.0
Instructor_7,KPOP Dance Covers (ages 13+),2024,April,2024-04,1,540.8375,540.8375,28.0
Instructor_7,KPOP Dance Covers (ages 13+),2024,August,2024-08,1,1009.7,1009.7,48.0
Instructor_7,KPOP Dance Covers (ages 13+),2024,December,2024-12,2,996.9000000000001,498.45000000000005,26.5
Instructor_7,KPOP Dance Covers (ages 13+),2024,February,2024-02,1,1320.1541666666667,1320.1541666666667,64.0
Instructor_7,KPOP Dance Covers (ages 13+),2024,July,2024-07,2,2437.1,1218.55,57.5
Instructor_7,KPOP Dance Covers (ages 13+),2024,June,2024-06,1,1401.15,1401.15,64.0
Instructor_7,KPOP Dance Covers (ages 13+),2024,March,2024-03,2,2466.9708333333333,1233.4854166666667,60.5
Instructor_7,KPOP Dance Covers (ages 13+),2024,May,2024-05,2,1994.2875,997.14375,49.5
Instructor_7,KPOP Dance Covers (ages 13+),2024,November,2024-11,1,934.3,934.3,44.0
Instructor_7,KPOP Dance Covers (ages 13+),2024,October,2024-10,1,871.95,871.95,40.0
Instructor_7,KPOP Dance Covers (ages 13+),2024,September,2024-09,1,494.4,494.4,25.0
Instructor_7,KPOP Original Choreo (ages 13+),2023,July,2023-07,1,426.23333333333335,426.23333333333335,22.0
Instructor_7,KPOP Original Choreo (ages 13+),2023,September,2023-09,1,447.56666666666666,447.56666666666666,22.0
Instructor_7,Performance WS w/ Monica Chan,2023,August,2023-08,1,210.0,210.0,6.0
Instructor_7,Performance WS w/ Monica Chan,2023,June,2023-06,3,735.0,245.0,10.333333333333334
Instructor_70,ADV.  Choreography (Ages 13+),2024,May,2024-05,1,643.9666666666667,643.9666666666667,30.0
Instructor_71,INT. Choreography (Ages 13+),2024,May,2024-05,1,831.0,831.0,39.0
Instructor_72,ADV.  Choreography (Ages 13+),2024,May,2024-05,1,841.1666666666666,841.1666666666666,42.0
Instructor_73,ADV.  Choreography (Ages 13+),2024,April,2024-04,1,316.1,316.1,18.0
Instructor_74,BEG/INT Choreography (Ages 13+),2024,April,2024-04,1,563.3,563.3,31.0
Instructor_75,INT. Choreography (Ages 13+),2024,April,2024-04,1,298.23333333333335,298.23333333333335,16.0
Instructor_76,ADV.  Choreography (Ages 13+),2024,April,2024-04,1,374.85,374.85,21.0
Instructor_77,ADV.  Choreography (Ages 13+),2024,April,2024-04,2,607.4333333333334,303.7166666666667,15.0
Instructor_77,ADV.  Choreography (Ages 13+),2024,March,2024-03,3,826.0124999999999,275.3375,14.0
Instructor_77,PW w/ Aggie Loyola,2024,July,2024-07,3,855.0,285.0,11.666666666666666
Instructor_77,PW w/ Aggie Loyola,2024,June,2024-06,1,540.0,540.0,13.0
Instructor_78,BEG. Choreography (Ages 13+),2024,April,2024-04,2,617.65,308.825,17.5
Instructor_79,ADV.  Choreography (Ages 13+),2023,June,2023-06,2,880.7166666666667,440.35833333333335,25.5
Instructor_79,BEG. Choreography (Ages 13+),2023,August,2023-08,1,208.8,208.8,17.0
Instructor_79,BEG. Choreography (Ages 13+),2023,December,2023-12,1,131.9,131.9,14.0
Instructor_79,BEG. Choreography (Ages 13+),2023,July,2023-07,1,342.76666666666665,342.76666666666665,26.0
Instructor_79,BEG. Choreography (Ages 13+),2023,June,2023-06,2,435.16666666666663,217.58333333333331,15.0
Instructor_79,BEG. Choreography (Ages 13+),2023,November,2023-11,2,401.65,200.825,17.0
Instructor_79,BEG. Choreography (Ages 13+),2023,October,2023-10,2,419.4666666666667,209.73333333333335,17.5
Instructor_79,BEG. Choreography (Ages 13+),2023,September,2023-09,3,895.6666666666667,298.5555555555556,22.666666666666668
Instructor_79,BEG. Choreography (Ages 13+),2024,January,2024-01,2,777.9666666666667,388.98333333333335,26.0
Instructor_79,BEG. Choreography (Ages 13+),2024,March,2024-03,1,265.1666666666667,265.1666666666667,24.0
Instructor_8,ADV.  Choreography (Ages 13+),2023,April,2023-04,1,131.75,131.75,8.0
Instructor_8,ADV.  Choreography (Ages 13+),2023,August,2023-08,1,97.75,97.75,8.0
Instructor_8,ADV.  Choreography (Ages 13+),2023,February,2023-02,1,44.25,44.25,5.0
Instructor_8,ADV.  Choreography (Ages 13+),2023,November,2023-11,1,98.33333333333333,98.33333333333333,11.0
Instructor_8,ADV.  Choreography (Ages 13+),2023,September,2023-09,1,46.2,46.2,4.0
Instructor_8,ADV.  Choreography (Ages 13+),2024,April,2024-04,1,152.575,152.575,9.0
Instructor_8,ADV.  Choreography (Ages 13+),2024,December,2024-12,1,55.5,55.5,3.0
Instructor_8,ADV.  Choreography (Ages 13+),2024,March,2024-03,1,41.43333333333333,41.43333333333333,4.0
Instructor_8,ADV.  Choreography (Ages 13+),2024,May,2024-05,1,245.83333333333331,245.83333333333331,14.0
Instructor_8,ADV.  Choreography (Ages 13+),2024,October,2024-10,1,41.5,41.5,2.0
Instructor_8,ADV.  Choreography (Ages 13+),2025,February,2025-02,1,79.56666666666666,79.56666666666666,6.0
Instructor_8,BEG. Choreography (Ages 13+),2023,August,2023-08,1,308.6666666666667,308.6666666666667,16.0
Instructor_8,BEG. Choreography (Ages 13+),2023,December,2023-12,1,539.0,539.0,26.0
Instructor_8,BEG. Choreography (Ages 13+),2023,July,2023-07,3,1370.3166666666666,456.7722222222222,25.333333333333332
Instructor_8,BEG. Choreography (Ages 13+),2023,June,2023-06,3,759.1666666666666,253.05555555555554,15.333333333333334
Instructor_8,BEG. Choreography (Ages 13+),2023,May,2023-05,3,1066.85,355.6166666666666,21.666666666666668
Instructor_8,BEG. Choreography (Ages 13+),2023,November,2023-11,2,484.65,242.325,18.0
Instructor_8,BEG. Choreography (Ages 13+),2023,October,2023-10,4,1217.55,304.3875,16.5
Instructor_8,BEG. Choreography (Ages 13+),2023,September,2023-09,2,705.9833333333333,352.9916666666667,20.0
Instructor_8,BEG. Choreography (Ages 13+),2024,April,2024-04,3,819.9708333333333,273.3236111111111,18.333333333333332
Instructor_8,BEG. Choreography (Ages 13+),2024,August,2024-08,2,916.2166666666667,458.10833333333335,23.5
Instructor_8,BEG. Choreography (Ages 13+),2024,December,2024-12,1,162.7,162.7,11.0
Instructor_8,BEG. Choreography (Ages 13+),2024,February,2024-02,4,1253.95,313.4875,22.0
Instructor_8,BEG. Choreography (Ages 13+),2024,January,2024-01,1,420.51666666666665,420.51666666666665,32.0
Instructor_8,BEG. Choreography (Ages 13+),2024,July,2024-07,1,340.85,340.85,16.0
Instructor_8,BEG. Choreography (Ages 13+),2024,June,2024-06,2,593.25,296.625,15.0
Instructor_8,BEG. Choreography (Ages 13+),2024,March,2024-03,1,428.2375,428.2375,26.0
Instructor_8,BEG. Choreography (Ages 13+),2024,May,2024-05,2,592.2333333333333,296.1166666666667,15.5
Instructor_8,BEG. Choreography (Ages 13+),2024,November,2024-11,2,162.6,81.3,5.5
Instructor_8,BEG. Choreography (Ages 13+),2024,October,2024-10,2,115.69999999999999,57.849999999999994,3.5
Instructor_8,BEG. Choreography (Ages 13+),2024,September,2024-09,3,411.8666666666667,137.2888888888889,7.666666666666667
Instructor_8,Hip Hop 2B (9 - 13),2023,November,2023-11,1,81.0,81.0,6.0
Instructor_8,INT. Choreography (Ages 13+),2023,December,2023-12,1,33.5,33.5,2.0
Instructor_8,INT. Choreography (Ages 13+),2023,September,2023-09,1,413.4,413.4,23.0
Instructor_8,INT. Choreography (Ages 13+),2024,August,2024-08,1,174.75,174.75,9.0
Instructor_8,INT. Choreography (Ages 13+),2024,July,2024-07,2,626.4,313.2,16.0
Instructor_8,INT. Choreography (Ages 13+),2024,June,2024-06,2,470.70000000000005,235.35000000000002,13.5
Instructor_8,INT. Choreography (Ages 13+),2024,March,2024-03,1,150.64166666666665,150.64166666666665,8.0
Instructor_8,INT. Choreography (Ages 13+),2024,November,2024-11,1,175.16666666666666,175.16666666666666,9.0
Instructor_8,KPOP Dance Covers (ages 13+),2024,December,2024-12,1,672.9,672.9,31.0
Instructor_8,KPOP Dance Covers (ages 13+),2024,January,2024-01,2,2062.883333333333,1031.4416666666666,50.0
Instructor_8,KPOP Dance Covers (ages 13+),2024,September,2024-09,1,606.7,606.7,29.0
Instructor_8,KPOP Dance Covers (ages 13+),2025,February,2025-02,2,1002.05,501.025,28.0
Instructor_8,KPOP Dance Covers (ages 13+),2025,January,2025-01,2,1129.8,564.9,30.0
Instructor_8,KPOP Dance Covers (ages 13+),2025,March,2025-03,2,1991.8000000000002,995.9000000000001,50.5
Instructor_8,KPOP Original Choreo (ages 13+),2023,August,2023-08,2,523.85,261.925,13.0
Instructor_80,GROOV3: Hip Hop Workout (Ages 13+),2023,April,2023-04,3,678.5,226.16666666666666,15.0
Instructor_80,GROOV3: Hip Hop Workout (Ages 13+),2023,August,2023-08,4,1326.25,331.5625,20.25
Instructor_80,GROOV3: Hip Hop Workout (Ages 13+),2023,December,2023-12,3,520.5,173.5,13.0
Instructor_80,GROOV3: Hip Hop Workout (Ages 13+),2023,February,2023-02,4,1249.5,312.375,18.0
Instructor_80,GROOV3: Hip Hop Workout (Ages 13+),2023,January,2023-01,3,1196.0,398.6666666666667,24.0
Instructor_80,GROOV3: Hip Hop Workout (Ages 13+),2023,July,2023-07,4,1230.9,307.725,19.0
Instructor_80,GROOV3: Hip Hop Workout (Ages 13+),2023,June,2023-06,4,1022.5,255.625,16.25
Instructor_80,GROOV3: Hip Hop Workout (Ages 13+),2023,March,2023-03,5,1633.5,326.7,20.2
Instructor_80,GROOV3: Hip Hop Workout (Ages 13+),2023,May,2023-05,5,1794.5,358.9,21.4
Instructor_80,GROOV3: Hip Hop Workout (Ages 13+),2023,November,2023-11,5,1444.3,288.86,18.0
Instructor_80,GROOV3: Hip Hop Workout (Ages 13+),2023,October,2023-10,4,922.5,230.625,15.75
Instructor_80,GROOV3: Hip Hop Workout (Ages 13+),2023,September,2023-09,4,1251.8333333333333,312.9583333333333,20.25
Instructor_80,GROOV3: Hip Hop Workout (Ages 13+),2024,April,2024-04,4,888.3583333333333,222.08958333333334,23.25
Instructor_80,GROOV3: Hip Hop Workout (Ages 13+),2024,August,2024-08,3,781.6833333333333,260.5611111111111,14.333333333333334
Instructor_80,GROOV3: Hip Hop Workout (Ages 13+),2024,December,2024-12,3,1190.6666666666665,396.88888888888886,20.666666666666668
Instructor_80,GROOV3: Hip Hop Workout (Ages 13+),2024,February,2024-02,3,868.7833333333333,289.59444444444443,21.666666666666668
Instructor_80,GROOV3: Hip Hop Workout (Ages 13+),2024,January,2024-01,4,1417.6666666666667,354.4166666666667,25.0
Instructor_80,GROOV3: Hip Hop Workout (Ages 13+),2024,July,2024-07,5,1429.5,285.9,16.0
Instructor_80,GROOV3: Hip Hop Workout (Ages 13+),2024,June,2024-06,4,1103.4666666666667,275.8666666666667,14.5
Instructor_80,GROOV3: Hip Hop Workout (Ages 13+),2024,March,2024-03,4,1126.8041666666666,281.70104166666664,26.25
Instructor_80,GROOV3: Hip Hop Workout (Ages 13+),2024,May,2024-05,4,993.65,248.4125,12.0
Instructor_80,GROOV3: Hip Hop Workout (Ages 13+),2024,November,2024-11,4,1063.2,265.8,15.0
Instructor_80,GROOV3: Hip Hop Workout (Ages 13+),2024,October,2024-10,5,1657.4166666666665,331.4833333333333,19.6
Instructor_80,GROOV3: Hip Hop Workout (Ages 13+),2024,September,2024-09,4,1351.0666666666666,337.76666666666665,18.75
Instructor_80,GROOV3: Hip Hop Workout (Ages 13+),2025,February,2025-02,3,1051.2833333333333,350.42777777777775,19.333333333333332
Instructor_80,GROOV3: Hip Hop Workout (Ages 13+),2025,January,2025-01,4,1062.0,265.5,15.5
Instructor_80,GROOV3: Hip Hop Workout (Ages 13+),2025,March,2025-03,2,621.7666666666667,310.8833333333333,16.5
Instructor_81,KPOP Original Choreo (ages 13+),2024,January,2024-01,1,628.8666666666667,628.8666666666667,33.0
Instructor_82,KPOP Original Choreo (ages 13+),2024,January,2024-01,1,359.35,359.35,18.0
Instructor_83,KPOP Dance Covers (ages 13+),2024,January,2024-01,1,292.5,292.5,13.0
Instructor_84,KPOP Dance Covers (ages 13+),2024,January,2024-01,1,296.3,296.3,16.0
Instructor_85,KPOP Dance Covers (ages 13+),2024,January,2024-01,1,423.21666666666664,423.21666666666664,23.0
Instructor_86,KPOP Dance Covers (ages 13+),2024,January,2024-01,1,683.15,683.15,31.0
Instructor_87,ADV.  Choreography (Ages 13+),2023,August,2023-08,2,1009.8833333333333,504.94166666666666,28.0
Instructor_87,ADV.  Choreography (Ages 13+),2023,December,2023-12,1,607.2333333333333,607.2333333333333,37.0
Instructor_87,ADV.  Choreography (Ages 13+),2023,February,2023-02,2,393.5,196.75,13.0
Instructor_87,ADV.  Choreography (Ages 13+),2023,January,2023-01,2,931.25,465.625,26.0
Instructor_87,ADV.  Choreography (Ages 13+),2023,July,2023-07,2,892.7333333333333,446.3666666666667,28.0
Instructor_87,ADV.  Choreography (Ages 13+),2023,June,2023-06,2,1037.65,518.825,29.5
Instructor_87,ADV.  Choreography (Ages 13+),2023,March,2023-03,3,1231.0,410.3333333333333,22.333333333333332
Instructor_87,ADV.  Choreography (Ages 13+),2023,October,2023-10,1,440.28333333333336,440.28333333333336,25.0
Instructor_87,ADV.  Choreography (Ages 13+),2023,September,2023-09,1,705.7333333333333,705.7333333333333,37.0
Instructor_87,BEG. Choreography (Ages 13+),2023,August,2023-08,1,576.8,576.8,33.0
Instructor_87,OOS Gives Back ,2024,September,2024-09,1,650.0,650.0,26.0
Instructor_88,HOUSE (ages 13+),2023,December,2023-12,1,217.33333333333331,217.33333333333331,12.0
Instructor_89,ADV.  Choreography (Ages 13+),2023,December,2023-12,1,180.43333333333334,180.43333333333334,10.0
Instructor_89,ADV.  Choreography (Ages 13+),2023,November,2023-11,1,98.76666666666667,98.76666666666667,5.0
Instructor_89,ADV.  Choreography (Ages 13+),2023,October,2023-10,2,360.21666666666664,180.10833333333332,12.5
Instructor_89,ADV.  Choreography (Ages 13+),2023,September,2023-09,1,175.8,175.8,13.0
Instructor_89,Dance Improv & Freestyle,2024,April,2024-04,3,385.0,128.33333333333334,4.0
Instructor_89,Dance Improv & Freestyle,2024,February,2024-02,3,732.0,244.0,8.0
Instructor_89,Dance Improv & Freestyle,2024,January,2024-01,3,853.0,284.3333333333333,9.333333333333334
Instructor_89,Dance Improv & Freestyle,2024,March,2024-03,3,465.0,155.0,5.0
Instructor_89,Dance Improv and Freestyle Trial,2024,January,2024-01,1,60.0,60.0,9.0
Instructor_89,Dance Improv and Freestyle Trial,2024,March,2024-03,1,0.0,0.0,3.0
Instructor_89,INT. Choreography (Ages 13+),2023,April,2023-04,1,179.0,179.0,11.0
Instructor_89,INT. Choreography (Ages 13+),2023,August,2023-08,2,856.1666666666667,428.08333333333337,25.5
Instructor_89,INT. Choreography (Ages 13+),2023,June,2023-06,3,1053.3333333333333,351.1111111111111,22.0
Instructor_89,INT. Choreography (Ages 13+),2023,March,2023-03,3,781.5,260.5,14.666666666666666
Instructor_89,INT. Choreography (Ages 13+),2023,May,2023-05,1,356.3333333333333,356.3333333333333,21.0
Instructor_89,That One Feelsy Session,2023,December,2023-12,1,222.0,222.0,23.0
Instructor_9,ADV.  Choreography (Ages 13+),2023,August,2023-08,1,220.65,220.65,16.0
Instructor_9,ADV.  Choreography (Ages 13+),2023,December,2023-12,2,638.0,319.0,19.0
Instructor_9,ADV.  Choreography (Ages 13+),2023,October,2023-10,2,535.1999999999999,267.59999999999997,18.5
Instructor_9,ADV.  Choreography (Ages 13+),2023,September,2023-09,1,342.1666666666667,342.1666666666667,22.0
Instructor_9,ADV.  Choreography (Ages 13+),2024,February,2024-02,1,304.18333333333334,304.18333333333334,16.0
Instructor_9,BEG. Choreography (Ages 13+),2023,April,2023-04,2,534.25,267.125,17.0
Instructor_9,BEG. Choreography (Ages 13+),2023,August,2023-08,1,458.05,458.05,28.0
Instructor_9,BEG. Choreography (Ages 13+),2023,February,2023-02,2,793.0,396.5,21.5
Instructor_9,BEG. Choreography (Ages 13+),2023,January,2023-01,2,1079.75,539.875,27.5
Instructor_9,BEG. Choreography (Ages 13+),2023,July,2023-07,2,806.5666666666666,403.2833333333333,24.0
Instructor_9,BEG. Choreography (Ages 13+),2023,June,2023-06,3,1365.5166666666667,455.1722222222222,25.0
Instructor_9,BEG. Choreography (Ages 13+),2023,March,2023-03,1,349.75,349.75,20.0
Instructor_9,BEG. Choreography (Ages 13+),2023,May,2023-05,2,800.8166666666666,400.4083333333333,23.0
Instructor_9,BEG. Choreography (Ages 13+),2024,April,2024-04,2,1131.05,565.525,41.5
Instructor_9,BEG. Choreography (Ages 13+),2024,August,2024-08,2,1589.3208333333332,794.6604166666666,40.0
Instructor_9,BEG. Choreography (Ages 13+),2024,December,2024-12,1,719.3666666666667,719.3666666666667,40.0
Instructor_9,BEG. Choreography (Ages 13+),2024,February,2024-02,1,924.2541666666666,924.2541666666666,52.0
Instructor_9,BEG. Choreography (Ages 13+),2024,January,2024-01,2,1197.6333333333332,598.8166666666666,35.5
Instructor_9,BEG. Choreography (Ages 13+),2024,July,2024-07,2,1608.5500000000002,804.2750000000001,41.0
Instructor_9,BEG. Choreography (Ages 13+),2024,June,2024-06,2,1430.7166666666667,715.3583333333333,36.0
Instructor_9,BEG. Choreography (Ages 13+),2024,March,2024-03,2,1176.1958333333332,588.0979166666666,40.0
Instructor_9,BEG. Choreography (Ages 13+),2024,May,2024-05,2,1058.2875,529.14375,25.5
Instructor_9,BEG. Choreography (Ages 13+),2024,November,2024-11,2,1240.6333333333332,620.3166666666666,32.0
Instructor_9,BEG. Choreography (Ages 13+),2024,October,2024-10,2,939.25,469.625,25.0
Instructor_9,BEG. Choreography (Ages 13+),2024,September,2024-09,3,1678.3333333333335,559.4444444444445,28.333333333333332
Instructor_9,BEG. Choreography (Ages 13+),2025,February,2025-02,2,719.8166666666666,359.9083333333333,30.0
Instructor_9,BEG. Choreography (Ages 13+),2025,January,2025-01,2,722.95,361.475,22.0
Instructor_9,BEG. Choreography (Ages 13+),2025,March,2025-03,2,1134.3833333333332,567.1916666666666,30.5
Instructor_9,INT. Choreography (Ages 13+),2023,April,2023-04,1,185.75,185.75,15.0
Instructor_9,INT. Choreography (Ages 13+),2023,August,2023-08,3,603.8499999999999,201.2833333333333,12.333333333333334
Instructor_9,INT. Choreography (Ages 13+),2023,December,2023-12,2,429.3833333333333,214.69166666666666,19.5
Instructor_9,INT. Choreography (Ages 13+),2023,February,2023-02,2,199.0,99.5,7.0
Instructor_9,INT. Choreography (Ages 13+),2023,January,2023-01,1,50.0,50.0,4.0
Instructor_9,INT. Choreography (Ages 13+),2023,July,2023-07,2,497.21666666666664,248.60833333333332,15.0
Instructor_9,INT. Choreography (Ages 13+),2023,June,2023-06,2,503.58333333333337,251.79166666666669,15.5
Instructor_9,INT. Choreography (Ages 13+),2023,March,2023-03,3,334.0,111.33333333333333,9.0
Instructor_9,INT. Choreography (Ages 13+),2023,May,2023-05,2,495.44999999999993,247.72499999999997,15.0
Instructor_9,INT. Choreography (Ages 13+),2023,November,2023-11,1,193.26666666666665,193.26666666666665,20.0
Instructor_9,INT. Choreography (Ages 13+),2023,October,2023-10,2,560.7166666666667,280.35833333333335,18.5
Instructor_9,INT. Choreography (Ages 13+),2023,September,2023-09,2,508.65000000000003,254.32500000000002,16.0
Instructor_9,INT. Choreography (Ages 13+),2024,May,2024-05,1,197.4,197.4,10.0
Instructor_9,INT. Choreography (Ages 13+),2024,October,2024-10,1,286.15,286.15,16.0
Instructor_9,Intro to Learning Choreography,2023,April,2023-04,5,1567.0,313.4,7.2
Instructor_9,Intro to Learning Choreography,2023,August,2023-08,3,761.0,253.66666666666666,9.333333333333334
Instructor_9,Intro to Learning Choreography,2023,December,2023-12,3,480.0,160.0,4.0
Instructor_9,Intro to Learning Choreography,2023,February,2023-02,5,1009.0,201.8,5.2
Instructor_9,Intro to Learning Choreography,2023,January,2023-01,8,1613.5,201.6875,5.5
Instructor_9,Intro to Learning Choreography,2023,July,2023-07,1,400.0,400.0,11.0
Instructor_9,Intro to Learning Choreography,2023,June,2023-06,2,720.0,360.0,10.0
Instructor_9,Intro to Learning Choreography,2023,March,2023-03,8,2529.0,316.125,7.25
Instructor_9,Intro to Learning Choreography,2023,May,2023-05,4,1180.0,295.0,8.0
Instructor_9,Intro to Learning Choreography,2023,November,2023-11,3,480.0,160.0,4.333333333333333
Instructor_9,Intro to Learning Choreography,2023,October,2023-10,4,1043.0,260.75,6.5
Instructor_9,Intro to Learning Choreography,2023,September,2023-09,4,1123.0,280.75,7.75
Instructor_9,Intro to Learning Choreography,2024,April,2024-04,6,730.0,121.66666666666667,3.5
Instructor_9,Intro to Learning Choreography,2024,February,2024-02,7,825.0,117.85714285714286,3.4285714285714284
Instructor_9,Intro to Learning Choreography,2024,January,2024-01,5,685.0,137.0,4.2
Instructor_9,Intro to Learning Choreography,2024,June,2024-06,3,0.0,0.0,5.0
Instructor_9,Intro to Learning Choreography,2024,March,2024-03,6,790.0,131.66666666666666,4.5
Instructor_9,Intro to Learning Choreography,2024,May,2024-05,3,70.0,23.333333333333332,5.0
Instructor_9,Intro to Learning Choreography Trial,2024,April,2024-04,1,60.0,60.0,2.0
Instructor_9,Intro to Learning Choreography Trial,2024,January,2024-01,2,30.0,15.0,3.5
Instructor_9,Intro to Learning Choreography Trial,2024,July,2024-07,1,0.0,0.0,1.0
Instructor_9,Intro to Learning Choreography Trial,2024,March,2024-03,2,60.0,30.0,2.5
Instructor_9,KPOP Original Choreo (ages 13+),2024,April,2024-04,1,497.8375,497.8375,24.0
Instructor_9,KPOP Original Choreo (ages 13+),2024,February,2024-02,1,506.46666666666664,506.46666666666664,26.0
Instructor_9,KPOP Original Choreo (ages 13+),2024,March,2024-03,1,433.325,433.325,22.0
Instructor_9,OOS Gives Back ,2024,May,2024-05,1,575.0,575.0,23.0
Instructor_9,PW w/ Nate Souryasack,2024,August,2024-08,4,1170.0,292.5,6.5
Instructor_9,PW w/ Nate Souryasack,2024,July,2024-07,5,1665.0,333.0,8.0
Instructor_9,PW w/ Nate Souryasack,2024,September,2024-09,1,315.0,315.0,7.0
Instructor_9,Performance WS w/ Nate Souryasack,2023,June,2023-06,3,665.0,221.66666666666666,10.0
Instructor_90,INT. Choreography (Ages 13+),2023,November,2023-11,1,140.96666666666667,140.96666666666667,9.0
Instructor_91,BEG. Choreography (Ages 13+),2023,September,2023-09,1,362.4,362.4,19.0
Instructor_92,ADV.  Choreography (Ages 13+),2023,September,2023-09,2,413.23333333333335,206.61666666666667,13.0
Instructor_92,BEG. Choreography (Ages 13+),2023,August,2023-08,1,246.66666666666666,246.66666666666666,12.0
Instructor_92,BEG. Choreography (Ages 13+),2023,July,2023-07,2,280.95,140.475,7.5
Instructor_92,BEG. Choreography (Ages 13+),2023,June,2023-06,1,148.73333333333335,148.73333333333335,14.0
Instructor_92,BEG. Choreography (Ages 13+),2023,May,2023-05,2,406.35,203.175,15.5
Instructor_93,ADV.  Choreography (Ages 13+),2023,August,2023-08,1,859.1,859.1,44.0
Instructor_94,ADV.  Choreography (Ages 13+),2023,August,2023-08,1,262.93333333333334,262.93333333333334,17.0
Instructor_95,VOGUE (13+),2023,August,2023-08,1,444.2,444.2,21.0
Instructor_96,WAACKING (ages 13+),2023,August,2023-08,1,625.0833333333334,625.0833333333334,31.0
Instructor_97,BEG. Choreography (Ages 13+),2023,May,2023-05,2,430.4,215.2,11.5
Instructor_97,INT. Choreography (Ages 13+),2023,April,2023-04,1,157.0,157.0,10.0
Instructor_97,INT. Choreography (Ages 13+),2023,August,2023-08,2,704.6666666666666,352.3333333333333,23.0
Instructor_97,INT. Choreography (Ages 13+),2023,February,2023-02,2,415.75,207.875,10.0
Instructor_97,INT. Choreography (Ages 13+),2023,January,2023-01,1,68.0,68.0,7.0
Instructor_97,INT. Choreography (Ages 13+),2023,July,2023-07,2,762.2,381.1,23.5
Instructor_97,INT. Choreography (Ages 13+),2023,June,2023-06,2,566.3499999999999,283.17499999999995,17.0
Instructor_97,INT. Choreography (Ages 13+),2023,March,2023-03,3,560.25,186.75,11.333333333333334
Instructor_97,INT. Choreography (Ages 13+),2023,May,2023-05,3,558.9166666666666,186.30555555555554,13.0
Instructor_98,KRUMP (ages 13+),2023,April,2023-04,4,306.5,76.625,4.75
Instructor_98,KRUMP (ages 13+),2023,February,2023-02,3,308.75,102.91666666666667,6.333333333333333
Instructor_98,KRUMP (ages 13+),2023,January,2023-01,3,353.5,117.83333333333333,6.666666666666667
Instructor_98,KRUMP (ages 13+),2023,July,2023-07,2,216.75,108.375,6.0
Instructor_98,KRUMP (ages 13+),2023,June,2023-06,3,125.26666666666667,41.75555555555555,3.0
Instructor_98,KRUMP (ages 13+),2023,March,2023-03,2,134.75,67.375,4.5
Instructor_98,KRUMP (ages 13+),2023,May,2023-05,2,50.0,25.0,1.5
Instructor_98,Open Session (Class Pack & OOSub does not apply),2023,August,2023-08,1,110.0,110.0,22.0
Instructor_99,INT. Choreography (Ages 13+),2023,July,2023-07,1,857.35,857.35,42.0
